% This file was created with JabRef 2.6.
% Encoding: UTF-8

@ARTICLE{Bhatnagar1954,
  author = {Bhatnagar, P. L. and Gross, E. P. and Krook, M. },
  title = {A Model for Collision Processes in Gases. I. Small Amplitude Processes
	in Charged and Neutral One-Component Systems},
  journal = {Phys. Rev.},
  year = {1954},
  volume = {94},
  pages = {511--525},
  doi = {10.1103/PhysRev.94.511},
  numpages = {14},
  owner = {rogozin},
  publisher = {American Physical Society},
  timestamp = {2011.02.07}
}

@BOOK{Landau2002,
  title = {Physical Kinetics},
  publisher = {Fizmatlit, Moskva},
  year = {2002},
  author = {Lifshits, EM and Pitaevsky, LP}
}

@ARTICLE{Ohwada1989a,
  author = {Taku Ohwada and Yoshio Sone and Kazuo Aoki},
  title = {Numerical analysis of the shear and thermal creep flows of a rarefied
	gas over a plane wall on the basis of the linearized Boltzmann equation
	for hard-sphere molecules},
  journal = {Physics of Fluids A: Fluid Dynamics},
  year = {1989},
  volume = {1},
  pages = {1588-1599},
  number = {9},
  month = {5},
  doi = {10.1063/1.857304},
  keywords = {NUMERICAL ANALYSIS; RAREFIED GASES; WALLS; PLANAR CONFIGURATION; TEMPERATURE
	GRADIENTS; BOLTZMANN EQUATION; HARDSPHERE MODEL; MOLECULES; SHEAR
	FLOW; BOUNDARY CONDITIONS; VELOCITY; SLIP; KNUDSEN FLOW; CORRELATIONS},
  publisher = {AIP},
  url = {http://link.aip.org/link/?PFA/1/1588/1}
}

@ARTICLE{Pekeris1957,
  author = {Pekeris, C.L. and Alterman, Z.},
  title = {Solution of the Boltzmann-Hilbert integral equation II. The coefficients
	of viscosity and heat conduction},
  journal = {Proceedings of the National Academy of Sciences of the United States
	of America},
  year = {1957},
  volume = {43},
  pages = {998--1007},
  number = {11},
  publisher = {National Academy of Sciences}
}

@BOOK{Sone2002,
  title = {Kinetic Theory and Fluid Dynamics},
  publisher = {Birkh{\"a}user},
  address = {Boston},
  year = {2002},
  author = {Sone, Yoshio}
}

@BOOK{Sone2007,
  title = {Molecular gas dynamics: theory, techniques, and applications},
  publisher = {Birkh{\"a}user},
  year = {2007},
  author = {Sone, Y.},
  isbn = {0817643451}
}

@ARTICLE{Sone1990,
  author = {Sone, Y. and Takata, S. and Ohwada, T.},
  title = {Numerical analysis of the plane Couette flow of a rarefied gas on
	the basis of the linearized Boltzmann equation for hard-sphere molecules},
  journal = {European Journal of Mechanics B Fluids},
  year = {1990},
  volume = {9},
  pages = {273--288},
  issn = {0997-7546}
}

@article{Sone2000,
  title={Asymptotic theory of the Boltzmann system, for a steady flow of a slightly rarefied gas with a finite Mach number: General theory},
  author={Sone, Yoshio and Bardos, Claude and Golse, Fran{\c{c}}ois and Sugimoto, Hiroshi},
  journal={European Journal of Mechanics-B/Fluids},
  volume={19},
  number={3},
  pages={325--360},
  year={2000},
  publisher={Elsevier}
}

@ARTICLE{Welander1954,
  author = {Welander, P.},
  title = {On the temperature jump in a rarefied gas},
  journal = {Arkiv Fysik},
  year = {1954},
  volume = {7},
  owner = {rogozin},
  timestamp = {2011.02.07}
}

%%%%%%%%%%%%%%%%%%%%%%
%%%    Appendix    %%%
%%%%%%%%%%%%%%%%%%%%%%

@book{Abramowitz1972,
  title={Handbook of mathematical functions: with formulas, graphs, and mathematical tables},
  author={Abramowitz, Milton and Stegun, Irene A},
  number={55},
  year={1972},
  publisher={Courier Dover Publications},
  addendum = {Перевод на русский: \fullcite{Abramowitz1979}}
}

@book{Abramowitz1979,
  title={Справочник по специальным функциям},
  editor={Абрамовица, М and Стигана, И},
  origlanguage={english},
  langid={russian},
  publisher={Мир},
  location={М.},
  year={1979},
  options={skipbib=true}
}

@article{Abramowitz1953,
  title={Evaluation of the integral {\(\int_0^\infty e^{-u^2-x/u}du\)}},
  author={Abramowitz, Milton},
  journal={J. Math. Phys. Cambridge, Mass},
  volume={32},
  pages={188},
  year={1953}
}

@book{Cercignani2000,
  title={Rarefied gas dynamics: from basic concepts to actual calculations},
  author={Cercignani, Carlo},
  volume={21},
  year={2000},
  publisher={Cambridge University Press}
}

@book{Kogan1967,
  title={Динамика разреженного газа},
  author={Коган, Михаил Наумович},
  year={1967},
  publisher={Наука},
  location={М.},
  addendum = {Перевод на английский: \fullcite{Kogan1969}}
}

@book{Kogan1969,
  title={Rarefied gas dynamics},
  author={Kogan, MN},
  publisher={Plenum Press},
  location={New York},
  pages={515},
  year={1969},
  options={skipbib=true}
}

@book{Atkinson1997,
  title={The numerical solution of integral equations of the second kind},
  author={Atkinson, Kendall E},
  number={4},
  year={1997},
  publisher={Cambridge University Press}
}

@article{Willis1962,
  title={Comparison of kinetic theory analyses of linearized Couette flow},
  author={Willis, D Roger},
  journal={Physics of Fluids (1958-1988)},
  volume={5},
  number={2},
  pages={127--135},
  year={1962},
  publisher={AIP Publishing}
}

@article{dsmcFoam2010,
  title={An open source, parallel DSMC code for rarefied gas flows in arbitrary geometries},
  author={Scanlon, TJ and Roohi, E and White, C and Darbandi, M and Reese, JM},
  journal={Computers \& Fluids},
  volume={39},
  number={10},
  pages={2078--2089},
  year={2010},
  publisher={Elsevier}
}

@article{Bird1994,
  title={Molecular gas dynamics and the direct simulation of gas flows},
  author={Bird, Graeme Austin},
  year={1994},
  publisher={Clarendon}
}

@article{Grad1949,
  title={On the kinetic theory of rarefied gases},
  author={Grad, Harold},
  journal={Communications on pure and applied mathematics},
  volume={2},
  number={4},
  pages={331--407},
  year={1949},
  publisher={Wiley Online Library}
}

@article{Tcheremissine2006,
  title={Solution to the Boltzmann kinetic equation for high-speed flows},
  author={Tcheremissine, FG},
  journal={Computational Mathematics and Mathematical Physics},
  volume={46},
  number={2},
  pages={315--329},
  year={2006},
  publisher={Springer}
}
