%%%%%%%%%%%%%%%%%%%%%%%%%%%%%%%
%%%   Material properties   %%%
%%%%%%%%%%%%%%%%%%%%%%%%%%%%%%%

@book{mills2002recommended,
  title={Recommended values of thermophysical properties for selected commercial alloys},
  author={Mills, Kenneth C},
  year={2002},
  publisher={Woodhead Publishing}
}

@techreport{kim1975thermophysical,
  title={Thermophysical properties of stainless steels},
  author={Kim, Choong S},
  year={1975},
  doi={10.2172/4152287},
  institution={Argonne National Lab., Ill.(USA)}
}

@online{air_properties,
  author = {{Engineers Edge LLC}},
  title = {Thermophysical properties of air},
  url = {https://www.engineersedge.com/physics/viscosity_of_air_dynamic_and_kinematic_14483.htm}
}

@article{kestin1984equilibrium,
  title={Equilibrium and transport properties of the noble gases and their mixtures at low density},
  author={Kestin, J and Knierim, K and Mason, EA and Najafi, B and Ro, ST and Waldman, M},
  journal={Journal of physical and chemical reference data},
  volume={13},
  number={1},
  pages={229--303},
  doi={10.1063/1.555703},
  year={1984},
}

%%%%%%%%%%%%%%%%%%%%%%%%%%%%%%%%
%%%   Experimental studies   %%%
%%%%%%%%%%%%%%%%%%%%%%%%%%%%%%%%

@book{yadroitsev2009selective,
  title={Selective laser melting: Direct manufacturing of 3D-objects by selective laser melting of metal powders},
  author={Yadroitsev, Igor},
  year={2009},
  publisher={Lambert Academic Publishing}
}

@article{zhirnov2018evaporation,
  title={Evaporation-induced gas-phase flows at selective laser melting},
  author={Zhirnov, I and Kotoban, DV and Gusarov, AV},
  journal={Applied Physics A},
  volume={124},
  number={2},
  pages={157},
  year={2018},
  doi={10.1007/s00339-017-1532-y},
  publisher={Springer}
}

%%%%%%%%%%%%%%%%%%%%%%%%%%%%%%%%%%%%%%%%%
%%%   Continuum multiphase modeling   %%%
%%%%%%%%%%%%%%%%%%%%%%%%%%%%%%%%%%%%%%%%%

@article{brackbill1992continuum,
  title={A continuum method for modeling surface tension},
  author={Brackbill, Jeremiah U and Kothe, Douglas B and Zemach, Charles},
  journal={Journal of computational physics},
  volume={100},
  number={2},
  pages={335--354},
  year={1992},
  doi={10.1016/0021-9991(92)90240-Y},
  publisher={Elsevier}
}

%%%%%%%%%%%%%%%%%%%%%%%%%%%%%%%%%%%%%%%%
%%% Solid--liquid transport modeling %%%
%%%%%%%%%%%%%%%%%%%%%%%%%%%%%%%%%%%%%%%%

@article{kubo1985mathematical,
  title={Mathematical modeling of porosity formation in solidification},
  author={Kubo, Kimio and Pehlke, Robert D},
  journal={Metallurgical Transactions B},
  volume={16},
  number={2},
  pages={359--366},
  year={1985},
  doi={10.1007/BF02679728},
  publisher={Springer}
}

@article{voller1987fixed,
  title={A fixed grid numerical modelling methodology for convection-diffusion mushy region phase-change problems},
  author={Voller, Vaughan R and Prakash, C},
  journal={International Journal of Heat and Mass Transfer},
  volume={30},
  number={8},
  pages={1709--1719},
  year={1987},
  doi={10.1016/0017-9310(87)90317-6},
  publisher={Elsevier}
}

@article{le2006interfacial,
  title={Interfacial conditions between a pure fluid and a porous medium: implications for binary alloy solidification},
  author={Le Bars, Michael and Worster, M Grae},
  journal={Journal of Fluid Mechanics},
  volume={550},
  pages={149--173},
  year={2006},
  doi={10.1017/S0022112005007998},
  publisher={Cambridge University Press}
}

%%%%%%%%%%%%%%%%%%%%%%%%%%%%%%%%%%%%%%%%%%%
%%%   Modeling of evaporation effects   %%%
%%%%%%%%%%%%%%%%%%%%%%%%%%%%%%%%%%%%%%%%%%%

@article{anisimov1968evaporation,
  title={Evaporation of metal on absorbing laser radiation},
  author={Anisimov, S I},
  journal={Soviet Physics JETP},
  volume={27},
  number={1},
  pages={182--183},
  year={1968}
}

@article{klassen2014evaporation,
  title={Evaporation model for beam based additive manufacturing using free surface lattice Boltzmann methods},
  author={Klassen, Alexander and Scharowsky, Thorsten and K{\"o}rner, Carolin},
  journal={Journal of Physics D: Applied Physics},
  volume={47},
  number={27},
  pages={275303},
  year={2014},
  doi={10.1088/0022-3727/47/27/275303},
  publisher={IOP Publishing}
}

@article{gusarov2020entrainment,
  title={Entrainment flow of emerging jet in a half-space with the no-slip boundary condition},
  author={Gusarov, AV},
  journal={arXiv preprint arXiv:2001.02406},
  eprint     = {2001.02406},
  eprinttype = {arxiv},
  year={2020}
}

%%%%%%%%%%%%%%%%%%%%%%%%%%%%%
%%%   Shrinkage effects   %%%
%%%%%%%%%%%%%%%%%%%%%%%%%%%%%

@article{wei2017thermal,
  title={Thermal behavior in single track during selective laser melting of AlSi10Mg powder},
  author={Wei, Pei and Wei, Zhengying and Chen, Zhen and He, Yuyang and Du, Jun},
  journal={Applied Physics A},
  volume={123},
  number={9},
  pages={604},
  year={2017},
  doi={10.1007/s00339-017-1194-9},
  publisher={Springer}
}

%%%%%%%%%%%%%%%%%%%%%%%%%%%%%%%%%%%%
%%%   Powder-scale simulations   %%%
%%%%%%%%%%%%%%%%%%%%%%%%%%%%%%%%%%%%

@phdthesis{attar2011simulation,
  title={Simulation of selective electron beam melting processes},
  author={Attar, Elham},
  type={Doctoral thesis},
  location={Erlangen},
  institution={Friedrich-Alexander-Universit{\"a}t Erlangen-N{\"u}rnberg (FAU)},
  year={2011}
}

@article{khairallah2016laser,
  title={Laser powder-bed fusion additive manufacturing: Physics of complex melt flow and formation mechanisms of pores, spatter, and denudation zones},
  author={Khairallah, Saad A and Anderson, Andrew T and Rubenchik, Alexander and King, Wayne E},
  journal={Acta Materialia},
  volume={108},
  pages={36--45},
  year={2016},
  doi={10.1016/j.actamat.2016.02.014},
  publisher={Elsevier}
}

% Ti-6Al-4V
@article{wang2019powder,
  title={Powder-scale multi-physics modeling of multi-layer multi-track selective laser melting with sharp interface capturing method},
  author={Wang, Zekun and Yan, Wentao and Liu, Wing Kam and Liu, Moubin},
  journal={Computational Mechanics},
  volume={63},
  number={4},
  pages={649--661},
  year={2019},
  doi={10.1007/s00466-018-1614-5},
  publisher={Springer}
}

@article{cook2019simulation,
  title={Simulation of Melt Pool Behaviour during Additive Manufacturing: Underlying Physics and Progress},
  author={Cook, Peter S and Murphy, Anthony B},
  journal={Additive Manufacturing},
  pages={100909},
  year={2019},
  doi={10.1016/j.addma.2019.100909},
  publisher={Elsevier}
}

%%%%%%%%%%%%%%%%%%%%%%
%%%   Denudation   %%%
%%%%%%%%%%%%%%%%%%%%%%

@article{matthews2016denudation,
  title={Denudation of metal powder layers in laser powder bed fusion processes},
  author={Matthews, Manyalibo J and Guss, Gabe and Khairallah, Saad A and Rubenchik, Alexander M and Depond, Philip J and King, Wayne E},
  journal={Acta Materialia},
  volume={114},
  pages={33--42},
  year={2016},
  doi={10.1016/j.actamat.2016.05.017},
  publisher={Elsevier}
}

@article{masmoudi2015investigation,
  title={Investigation of the laser--powder--atmosphere interaction zone during the selective laser melting process},
  author={Masmoudi, Amal and Bolot, Rodolphe and Coddet, Christian},
  journal={Journal of Materials Processing Technology},
  volume={225},
  pages={122--132},
  year={2015},
  doi={10.1016/j.jmatprotec.2015.05.008},
  publisher={Elsevier}
}
