%%%%%%%%%%%%%%%%%%%%%%%%%%%%
%%% Couette-flow problem %%%
%%%%%%%%%%%%%%%%%%%%%%%%%%%%

@article{Willis1962,
  title={Comparison of kinetic theory analyses of linearized {C}ouette flow},
  author={Willis, D Roger},
  journal={Physics of Fluids (1958-1988)},
  volume={5},
  number={2},
  pages={127--135},
  year={1962},
  publisher={AIP Publishing}
}

@article{Aidun2010,
  title={Lattice-{B}oltzmann method for complex flows},
  author={Aidun, Cyrus K and Clausen, Jonathan R},
  journal={Annual review of fluid mechanics},
  volume={42},
  pages={439--472},
  year={2010},
  publisher={Annual Reviews}
}

@article{Fan2001,
  title={Statistical simulation of low-speed rarefied gas flows},
  author={Fan, Jing and Shen, Ching},
  journal={Journal of Computational Physics},
  volume={167},
  number={2},
  pages={393--412},
  year={2001},
  publisher={Elsevier}
}

@book{Garzo2003,
  title={Kinetic theory of gases in shear flows: nonlinear transport},
  author={Garz{\'o}, Vicente and Santos, Andr{\'e}s},
  volume={131},
  year={2003},
  publisher={Springer Science \& Business Media}
}

@article{Cercignani1994,
  title={Validation of a {M}onte {C}arlo simulation of the plane {C}ouette flow of a rarefied gas},
  author={Cercignani, Carlo and Cortese, Stefano},
  journal={Journal of statistical physics},
  volume={75},
  number={5-6},
  pages={817--838},
  year={1994},
  publisher={Springer}
}

@article{Aoki2014,
  title={Numerical analysis of the {T}aylor-{V}ortex flow of a slightly rarefied gas},
  author={Aoki, Kazuo and Kagaya, Ryo and Kosuge, Shingo and Yoshida, Hiroaki},
  booktitle={Proceedings of the 29th international symposium on rarefied gas dynamics},
  journal={AIP Conference Proceedings},
  volume={1628},
  pages={60--67},
  year={2014}
}

@article{Sharipov2000,
  title={Couette flow with slip and jump boundary conditions},
  author={Marques Jr, W and Kremer, GM and Sharipov, FM},
  journal={Continuum Mechanics and Thermodynamics},
  volume={12},
  number={6},
  pages={379--386},
  year={2000},
  publisher={Springer}
}

@article{Reese2003,
  title={High-resolution {B}urnett simulations of micro {C}ouette flow and heat transfer},
  author={Lockerby, Duncan A and Reese, Jason M},
  journal={Journal of Computational Physics},
  volume={188},
  number={2},
  pages={333--347},
  year={2003},
  publisher={Elsevier}
}

%%%%%%%%%%%%%%%%%%%%%%%%%
%%% Asymptotic theory %%%
%%%%%%%%%%%%%%%%%%%%%%%%%

@BOOK{Sone2002,
  title = {Kinetic Theory and Fluid Dynamics},
  publisher = {Birkh{\"a}user},
  address = {Boston},
  year = {2002},
  author = {Sone, Yoshio}
}

@BOOK{Sone2007,
  title = {Molecular gas dynamics: theory, techniques, and applications},
  publisher = {Birkh{\"a}user},
  address = {Boston},
  year = {2007},
  author = {Sone, Y.}
}

@ARTICLE{Ohwada1989a,
  author = {Taku Ohwada and Yoshio Sone and Kazuo Aoki},
  title = {Numerical analysis of the shear and thermal creep flows of a rarefied
	gas over a plane wall on the basis of the linearized {Boltzmann} equation
	for hard-sphere molecules},
  journal = {Physics of Fluids A: Fluid Dynamics},
  year = {1989},
  volume = {1},
  pages = {1588-1599},
  number = {9}
}

@ARTICLE{Ohwada1990,
  author = {Sone, Y. and Takata, S. and Ohwada, T.},
  title = {Numerical analysis of the plane {Couette} flow of a rarefied gas on
	the basis of the linearized {Boltzmann} equation for hard-sphere molecules},
  journal = {European Journal of Mechanics B Fluids},
  year = {1990},
  volume = {9},
  pages = {273--288}
}

@article{Ohwada1992,
  title={Analysis of thermal stress slip flow and negative thermophoresis using the {Boltzmann} equation for hard-sphere molecules},
  author={Ohwada, T and Sone, Y},
  journal={European Journal of Mechanics B Fluids},
  volume={11},
  pages={389--414},
  year={1992}
}

@article{Sone2000,
  title={Asymptotic theory of the {Boltzmann} system, for a steady flow of a slightly rarefied gas with a finite {Mach} number: General theory},
  author={Sone, Yoshio and Bardos, Claude and Golse, Fran{\c{c}}ois and Sugimoto, Hiroshi},
  journal={European Journal of Mechanics-B/Fluids},
  volume={19},
  number={3},
  pages={325--360},
  year={2000},
  publisher={Elsevier}
}


%%%%%%%%%%%%%%%%%%%%%%%%%
%%% Numerical methods %%%
%%%%%%%%%%%%%%%%%%%%%%%%%

@article{dsmcFoam2010,
  title={An open source, parallel {DSMC} code for rarefied gas flows in arbitrary geometries},
  author={Scanlon, TJ and Roohi, E and White, C and Darbandi, M and Reese, JM},
  journal={Computers \& Fluids},
  volume={39},
  number={10},
  pages={2078--2089},
  year={2010},
  publisher={Elsevier}
}

@book{Bird1994,
  title={Molecular gas dynamics and the direct simulation of gas flows},
  author={Bird, Graeme Austin},
  address={Oxford},
  year={1994},
  publisher={Oxford University Press}
}

@article{Grad1949,
  title={On the kinetic theory of rarefied gases},
  author={Grad, Harold},
  journal={Communications on pure and applied mathematics},
  volume={2},
  number={4},
  pages={331--407},
  year={1949},
  publisher={Wiley Online Library}
}

@article{Dimarco2014,
  title={Numerical methods for kinetic equations},
  author={Dimarco, Giacomo and Pareschi, Lorenzo},
  journal={Acta Numerica},
  volume={23},
  pages={369--520},
  year={2014},
  publisher={Cambridge Univ Press}
}

@article{Mieussens2014,
  title={A survey of deterministic solvers for rarefied flows},
  author={Mieussens, Luc},
  booktitle={Proceedings of the 29th international symposium on rarefied gas dynamics},
  journal={AIP Conference Proceedings},
  volume={1628},
  pages={943--951},
  year={2014}
}

@article{Hadji2011,
  title={Low-noise Monte Carlo simulation of the variable hard sphere gas},
  author={Radtke, Gregg A and Hadjiconstantinou, Nicolas G and Wagner, Wolfgang},
  journal={Physics of Fluids},
  volume={23},
  number={3},
  pages={030606},
  year={2011},
  publisher={AIP Publishing}
}

@book{Sloan1994,
  title={Lattice methods for multiple integration},
  author={Sloan, Ian H and Joe, Stephen},
  year={1994},
  publisher={Oxford University Press}
}

@article{Korobov1959,
  title={The approximate computation of multiple integrals},
  author={Korobov, NM},
  journal={Dokl. Akad. Nauk SSSR},
  volume={124},
  number={6},
  pages={1207--1210},
  year={1959}
}

%%%%%%%%%%%%%%%%%%%%%%
%%%   Our method   %%%
%%%%%%%%%%%%%%%%%%%%%%

@article{Tcheremissine1998,
  title={Conservative evaluation of {B}oltzmann collision integral in discrete ordinates approximation},
  author={Tcheremissine, FG},
  journal={Computers \& Mathematics with Applications},
  volume={35},
  number={1},
  pages={215--221},
  year={1998},
  publisher={Elsevier}
}

@article{Tcheremissine2006,
  title={Solution to the {B}oltzmann kinetic equation for high-speed flows},
  author={Tcheremissine, FG},
  journal={Computational Mathematics and Mathematical Physics},
  volume={46},
  number={2},
  pages={315--329},
  year={2006},
  publisher={Springer}
}

@article{Anikin2012,
  title={On the accuracy of the projection computation of the collision integral},
  author={Anikin, Yu A},
  journal={Computational Mathematics and Mathematical Physics},
  volume={52},
  number={4},
  pages={615--636},
  year={2012},
  publisher={Springer}
}

@article{Dodulad2012,
  title={Multipoint conservative projection method for computing the {B}oltzmann collision integral for gas mixtures},
  author={Dodulad, OI and Tcheremissine, FG},
  booktitle={28th International Symposium on Rarefied Gas Dynamics},
  journal={AIP Conference Proceedings},
  volume={1501},
  pages={302--309},
  year={2012}
}

@article{Dodulad2014,
  title={Method of calculating the collision integral and solution of the {B}oltzmann kinetic equation for simple gases, gas mixtures and gases with rotational degrees of freedom},
  author={Anikin, Yu A and Dodulad, OI and Kloss, Yu Yu and Tcheremissine, FG},
  journal={International Journal of Computer Mathematics},
  number={ahead-of-print},
  pages={1--15},
  year={2014},
  publisher={Taylor \& Francis}
}

@unpublished{Dodulad2015,
  title={A conservative projection method for evaluation of the {B}oltzmann collision integral on non-uniform discrete-velocity grids},
  author={Dodulad, Oleg},
  journal={Computers \& Mathematics with Applications},
  note={{Comput. Math. Appl.}(submitted)},
  year={2015}
}

%%%%%%%%%%%%%%%%%%%%%%
%%%    Appendix    %%%
%%%%%%%%%%%%%%%%%%%%%%

@book{Abramowitz1972,
  title={Handbook of mathematical functions: with formulas, graphs, and mathematical tables},
  author={Abramowitz, Milton and Stegun, Irene A},
  year={1972},
  publisher={National Bureau of Standards}
}

@article{Pekeris1957,
  author = {Pekeris, C.L. and Alterman, Z.},
  title = {Solution of the {B}oltzmann-{H}ilbert integral equation II. The coefficients of viscosity and heat conduction},
  journal = {Proceedings of the National Academy of Sciences of the United States of America},
  year = {1957},
  volume = {43},
  pages = {998--1007},
  number = {11},
  publisher = {National Academy of Sciences}
}

