@article{Willis1962,
author = {Willis, D Roger},
journal = {Phys. Fluids},
number = {2},
pages = {127--135},
publisher = {AIP Publishing},
title = {{Comparison of kinetic theory analyses of linearized Couette flow}},
doi = {10.1063/1.1706585},
volume = {5},
year = {1962}
}
@article{Aidun2010,
author = {Aidun, Cyrus K and Clausen, Jonathan R},
journal = {Annu. Rev. Fluid Mech.},
pages = {439--472},
publisher = {Annual Reviews},
title = {{Lattice-Boltzmann method for complex flows}},
doi = {10.1146/annurev-fluid-121108-145519},
volume = {42},
year = {2010}
}
@article{Fan2001,
author = {Fan, Jing and Shen, Ching},
doi = {10.1006/jcph.2000.6681},
journal = {J. Comput. Phys.},
number = {2},
pages = {393--412},
publisher = {Elsevier},
title = {{Statistical Simulation of Low-Speed Rarefied Gas Flows}},
volume = {167},
year = {2001}
}
@book{Garzo2003,
author = {Garz\'{o}, Vicente and Santos, Andr\'{e}s},
publisher = {Springer Science \& Business Media},
title = {{Kinetic theory of gases in shear flows: nonlinear transport}},
volume = {131},
year = {2003}
}
@article{Cercignani1994,
author = {Cercignani, Carlo and Cortese, Stefano},
journal = {J. Stat. Phys.},
number = {5-6},
pages = {817--838},
publisher = {Springer},
title = {{Validation of a Monte Carlo simulation of the plane Couette flow of a rarefied gas}},
doi = {10.1007/BF02186745},
volume = {75},
year = {1994}
}
@article{Aoki2014,
author = {Aoki, Kazuo and Kagaya, Ryo and Kosuge, Shingo and Yoshida, Hiroaki},
journal = {AIP Conf. Proc.},
pages = {60--67},
title = {{Numerical analysis of the Taylor-Vortex flow of a slightly rarefied gas}},
doi = {10.1063/1.4902575},
volume = {1628},
year = {2014}
}
@article{Sharipov2000,
author = {Marques, Jr Wilson and Kremer, Gilberto M and Sharipov, Felix M},
journal = {Contin. Mech. Thermodyn.},
number = {6},
pages = {379--386},
publisher = {Springer},
title = {{Couette flow with slip and jump boundary conditions}},
doi = {10.1007/s001610050143},
volume = {12},
year = {2000}
}
@article{Reese2003,
author = {Lockerby, Duncan A and Reese, Jason M},
journal = {J. Comput. Phys.},
number = {2},
pages = {333--347},
publisher = {Elsevier},
title = {{High-resolution Burnett simulations of micro Couette flow and heat transfer}},
doi = {10.1016/S0021-9991(03)00162-1},
volume = {188},
year = {2003}
}
@book{Sone2002,
address = {Boston},
author = {Sone, Yoshio},
publisher = {Birkh\"{a}user},
title = {{Kinetic Theory and Fluid Dynamics}},
year = {2002}
}
@book{Sone2007,
address = {Boston},
author = {Sone, Yoshio},
publisher = {Birkh\"{a}user},
title = {{Molecular gas dynamics: theory, techniques, and applications}},
year = {2007}
}
@article{Ohwada1989creep,
author = {Ohwada, Taku and Sone, Yoshio and Aoki, Kazuo},
journal = {Phys. Fluids A},
number = {9},
pages = {1588--1599},
title = {{Numerical analysis of the shear and thermal creep flows of a rarefied gas over a plane wall on the basis of the linearized Boltzmann equation for hard-sphere molecules}},
doi = {10.1063/1.857304},
volume = {1},
year = {1989}
}
@article{Ohwada1989jump,
title={{Temperature jump and Knudsen layer in a rarefied gas over a plane wall: Numerical analysis of the linearized Boltzmann equation for hard-sphere molecules}},
author={Sone, Yoshio and Ohwada, Taku and Aoki, Kazuo},
journal={Phys. Fluids A},
volume={1},
number={2},
pages={363--370},
doi = {10.1063/1.857457},
year={1989},
publisher={AIP Publishing}
}
@article{Ohwada1990,
author = {Sone, Yoshio and Takata, Shigeru and Ohwada, Taku},
journal = {Eur. J. Mech. B/Fluids},
pages = {273--288},
title = {{Numerical analysis of the plane Couette flow of a rarefied gas on the basis of the linearized Boltzmann equation for hard-sphere molecules}},
volume = {9},
year = {1990}
}
@article{Ohwada1992,
author = {Ohwada, Taku and Sone, Yoshio},
journal = {Eur. J. Mech. B/Fluids},
pages = {389--414},
title = {{Analysis of thermal stress slip flow and negative thermophoresis using the Boltzmann equation for hard-sphere molecules}},
volume = {11},
year = {1992}
}
@article{Sone2000,
author = {Sone, Yoshio and Bardos, Claude and Golse, Fran\c{c}ois and Sugimoto, Hiroshi},
doi = {10.1016/S0997-7546(00)00110-2},
journal = {Eur. J. Mech. B/Fluids},
number = {3},
pages = {325--360},
publisher = {Elsevier},
title = {{Asymptotic theory of the Boltzmann system, for a steady flow of a slightly rarefied gas with a finite Mach number: General theory}},
volume = {19},
year = {2000}
}
@article{Reese2010,
author = {Scanlon, Thomas J. and Roohi, Ehsan and White, Craig and Darbandi, Masoud and Reese, Jason M.},
doi = {10.1016/j.compfluid.2010.07.014},
journal = {Comput. Fluids},
number = {10},
pages = {2078--2089},
publisher = {Elsevier},
title = {{An open source, parallel DSMC code for rarefied gas flows in arbitrary geometries}},
volume = {39},
year = {2010}
}
@book{Bird1994,
address = {Oxford},
author = {Bird, Graeme Austin},
publisher = {Oxford University Press},
title = {{Molecular gas dynamics and the direct simulation of gas flows}},
year = {1994}
}
@article{Grad1949,
author = {Grad, Harold},
journal = {Commun. pure Appl. Math.},
number = {4},
pages = {331--407},
publisher = {Wiley Online Library},
title = {{On the kinetic theory of rarefied gases}},
doi = {10.1002/cpa.3160020403},
volume = {2},
year = {1949}
}
@article{Dimarco2014,
author = {Dimarco, Giacomo and Pareschi, Lorenzo},
journal = {Acta Numer.},
pages = {369--520},
publisher = {Cambridge Univ Press},
title = {{Numerical methods for kinetic equations}},
doi = {10.1017/S0962492914000063},
volume = {23},
year = {2014}
}
@article{Mieussens2014,
author = {Mieussens, Luc},
journal = {AIP Conf. Proc.},
pages = {943--951},
title = {{A survey of deterministic solvers for rarefied flows}},
doi = {10.1063/1.4902695},
volume = {1628},
year = {2014}
}
@article{Hadji2011,
author = {Radtke, Gregg A. and Hadjiconstantinou, Nicolas G. and Wagner, Wolfgang},
doi = {10.1063/1.3558887},
journal = {Phys. Fluids},
number = {3},
title = {{Low-noise Monte Carlo simulation of the variable hard sphere gas}},
volume = {23},
pages = {030606},
year = {2011}
}
@book{Sloan1994,
author = {Sloan, Ian H and Joe, Stephen},
publisher = {Oxford University Press},
title = {{Lattice methods for multiple integration}},
year = {1994}
}
@article{Korobov1959,
author = {Korobov, Nikolay M},
journal = {Dokl. Akad. Nauk SSSR},
number = {6},
pages = {1207--1210},
title = {{The approximate computation of multiple integrals}},
volume = {124},
year = {1959}
}
@article{Tcheremissine1998,
author = {Tcheremissine, Felix G},
journal = {Comput. Math. with Appl.},
number = {1},
pages = {215--221},
publisher = {Elsevier},
title = {{Conservative evaluation of Boltzmann collision integral in discrete ordinates approximation}},
doi = {10.1016/s0898-1221(97)00269-1},
volume = {35},
year = {1998}
}
@article{Tcheremissine2006,
author = {Tcheremissine, Felix G},
journal = {Comput. Math. Math. Phys.},
number = {2},
pages = {315--329},
publisher = {Springer},
title = {{Solution to the Boltzmann kinetic equation for high-speed flows}},
doi = {10.1134/s0965542506020138},
volume = {46},
year = {2006}
}
@article{Anikin2012,
author = {Anikin, Yury A},
doi = {10.1134/S0965542512040021},
journal = {Comput. Math. Math. Phys.},
number = {4},
pages = {615--636},
publisher = {Springer},
title = {{On the accuracy of the projection computation of the collision integral}},
volume = {52},
year = {2012}
}
@article{Dodulad2012,
author = {Dodulad, Oleg I and Tcheremissine, Felix G},
journal = {AIP Conf. Proc.},
pages = {302--309},
title = {{Multipoint conservative projection method for computing the Boltzmann collision integral for gas mixtures}},
doi = {10.1063/1.4769529},
volume = {1501},
year = {2012}
}
@article{Dodulad2015,
author = {Anikin, Yury A and Dodulad, Oleg I and Kloss, Yury Yu and Tcheremissine, Felix G},
journal = {Int. J. Comput. Math.},
volume = {92},
number = {9},
pages = {1775-1789},
publisher = {Taylor \& Francis},
title = {{Method of calculating the collision integral and solution of the Boltzmann kinetic equation for simple gases, gas mixtures and gases with rotational degrees of freedom}},
doi = {10.1080/00207160.2014.909033},
year = {2015}
}
@book{Abramowitz1972,
author = {Abramowitz, Milton and Stegun, Irene A},
publisher = {National Bureau of Standards},
title = {{Handbook of mathematical functions: with formulas, graphs, and mathematical tables}},
year = {1972}
}
@article{Pekeris1957,
author = {Pekeris, Chaim L and Alterman, Zipora},
journal = {Proc. Natl. Acad. Sci. USA},
number = {11},
pages = {998--1007},
publisher = {National Academy of Sciences},
title = {{Solution of the Boltzmann-Hilbert integral equation II. The coefficients of viscosity and heat conduction}},
doi = {10.1073/pnas.43.11.998},
volume = {43},
year = {1957}
}
@misc{Takata2015,
author = {Takata, Shigeru and Hattori, Masanari},
title = {{Numerical data for the generalized slip-flow theory}},
howpublished = "\url{http://hdl.handle.net/2433/199811}",
year = {2015}
}
@article{Tcheremissine2015,
title={{Testing and acceleration of the conservative projection method for solving Boltzmann kinetic equation}},
doi = {10.1063/1.4912497},
author={Tcheremissine, Felix G},
journal = {AIP Conf. Proc.},
volume={1648},
pages={230005},
year={2015}
}
@article{Agrawal2008,
title={{Survey on measurement of tangential momentum accommodation coefficient}},
doi = {10.1116/1.2943641},
author={Agrawal, Amit and Prabhu, SV},
journal={J. Vac. Sci. Technol., A},
volume={26},
number={4},
pages={634--645},
year={2008},
publisher={AVS: Science \& Technology of Materials, Interfaces, and Processing}
}
@article{Struchtrup2009,
title={{Couette and Poiseuille microflows: analytical solutions for regularized 13-moment equations}},
doi = {10.1063/1.3064123},
author={Taheri, Peyman and Torrilhon, Manuel and Struchtrup, Henning},
journal={Phys. Fluids},
volume={21},
number={1},
pages={017102},
year={2009},
publisher={AIP Publishing}
}
@article{Agrawal2014,
title={{Analytical solution of plane Couette flow in the transition regime and comparison with Direct Simulation Monte Carlo data}},
doi = {10.1016/j.compfluid.2014.03.032},
author={Singh, Narendra and Gavasane, Abhimanyu and Agrawal, Amit},
journal={Comput. Fluids},
volume={97},
pages={177--187},
year={2014},
publisher={Elsevier}
}
@article{Dodulad2013,
title={{Computation of a shock wave structure in monatomic gas with accuracy control}},
doi = {10.1134/s0965542513060055},
author={Dodulad, Oleg I and Tcheremissine, Felix G},
journal={Comput. Math. Math. Phys.},
volume={53},
number={6},
pages={827--844},
year={2013},
publisher={Springer}
}
@article{Kolobov2013,
title={{Kinetic solvers with adaptive mesh in phase space}},
doi = {10.1103/physreve.88.063301},
author={Arslanbekov, Robert R and Kolobov, Vladimir I and Frolova, Anna A},
journal={Phys. Rev. E},
volume={88},
number={6},
pages={063301},
year={2013},
publisher={APS}
}
@article{Dodulad2014,
title={{Knudsen pumps modeling with Lennard-Jones and ab initio intermolecular potentials}},
doi={10.1016/j.vacuum.2014.06.019},
author={Dodulad, Oleg I and Kloss, Yury Yu and Savichkin, Denis O and Tcheremissine, Felix G},
journal={Vacuum},
volume={109},
pages={360--367},
year={2014},
publisher={Elsevier}
}
@article{Bobylev2001,
title={The error of the splitting scheme for solving evolutionary equations},
doi={10.1016/S0893-9659(00)00110-5},
author={Bobylev, Alexander V and Ohwada, Taku},
journal={Appl. Math. Lett.},
volume={14},
number={1},
pages={45--48},
year={2001},
publisher={Elsevier}
}
@article{Strang1968,
title={On the construction and comparison of difference schemes},
doi={10.1137/0705041},
author={Strang, Gilbert},
journal={SIAM J. Numer. Anal.},
volume={5},
number={3},
pages={506--517},
year={1968},
publisher={SIAM}
}
@article{Harten1983,
title={High resolution schemes for hyperbolic conservation laws},
doi={10.1006/jcph.1997.5713},
author={Harten, Ami},
journal={J. Comput. Phys.},
volume={49},
number={3},
pages={357--393},
year={1983},
publisher={Elsevier}
}
@article{Welander1954,
author = {Welander, P.},
title = {On the temperature jump in a rarefied gas},
journal = {Ark. Fys.},
year = {1954},
pages = {507-553},
volume = {7}
}
@article{Krook1954,
author = {Bhatnagar, P. L. and Gross, E. P. and Krook, M. },
title = {A Model for Collision Processes in Gases. I. Small Amplitude Processes in Charged and Neutral One-Component Systems},
journal = {Phys. Rev.},
year = {1954},
volume = {94},
pages = {511--525},
doi = {10.1103/PhysRev.94.511},
publisher = {American Physical Society},
}
@article{Sone1970,
title={Flow of rarefied gas over plane wall},
author={Sone, Yoshio and Yamamoto, Kyoji},
journal={J. Phys. Soc. Japan},
volume={29},
number={2},
pages={495--508},
doi={10.1143/JPSJ.29.495},
year={1970},
publisher={The Physical Society of Japan}
}
@article{Luo2015,
title={Accurate solution and approximations of the linearized BGK equation for steady Couette flow},
author={Li, Wei and Luo, Li-Shi and Shen, Jie},
journal={Comput. Fluids},
volume={111},
pages={18--32},
doi={10.1016/j.compfluid.2014.12.018},
year={2015},
publisher={Elsevier}
}
@article{Luo2016,
title={Analysis and accurate numerical solutions of the integral equation derived from the linearized BGKW equation for the steady Couette flow},
author={Jiang, Shidong and Luo, Li-Shi},
journal={J. Comput. Phys.},
volume={316},
pages={416--434},
doi={10.1016/j.jcp.2016.04.011},
year={2016},
publisher={Elsevier}
}
