% This file was created with JabRef 2.9b2.
% Encoding: UTF-8

@ARTICLE{Caretto1972,
  author = {Caretto, LS and Curr, RM and Spalding, DB},
  title = {Two numerical methods for three-dimensional boundary layers},
  journal = {Computer Methods in Applied Mechanics and Engineering},
  year = {1972},
  volume = {1},
  pages = {39--57},
  number = {1},
  publisher = {Elsevier}
}

@ARTICLE{Geuzaine2009,
  author = {Geuzaine, Christophe and Remacle, Jean-Fran{\c{c}}ois},
  title = {Gmsh: A 3-D finite element mesh generator with built-in pre-and post-processing
	facilities},
  journal = {International Journal for Numerical Methods in Engineering},
  year = {2009},
  volume = {79},
  pages = {1309--1331},
  number = {11},
  publisher = {Wiley Online Library}
}

@INBOOK{Hilbert1912,
  chapter = {22},
  title = {Gr{\"u}ndz{\"u}ge einer allgemeinen Theorie der linearen Integralgleichungen},
  year = {1912},
  author = {Hilbert, D}
}

@ARTICLE{Kogan1976,
  author = {Kogan, MN and Galkin, VS and Fridlender, OG},
  title = {Stresses produced in gasses by temperature and concentration inhomogeneities.
	New types of free convection},
  journal = {Physics-Uspekhi},
  year = {1976},
  volume = {19},
  pages = {420--428},
  number = {5}
}

@BOOK{Sone2007,
  title = {Molecular gas dynamics: theory, techniques, and applications},
  publisher = {Birkhauser},
  year = {2007},
  author = {Sone, Y.}
}

@BOOK{Sone2002,
  title = {Kinetic theory and fluid dynamics},
  publisher = {Birkhauser},
  year = {2002},
  author = {Sone, Yoshio}
}

@ARTICLE{Bobylev1996,
  author = {Sone, Yoshio and Aoki, Kazuo and Takata, Shigeru and Sugimoto, Hiroshi
	and Bobylev, AV},
  title = {Inappropriateness of the heat-conduction equation for description
	of a temperature field of a stationary gas in the continuum limit:
	Examination by asymptotic analysis and numerical computation of the
	Boltzmann equation},
  journal = {Physics of fluids},
  year = {1996},
  volume = {8},
  pages = {628}
}

@ARTICLE{Tcheremissine1996,
  author = {Tcheremissine, FG},
  title = {Conservative discrete ordinates method for solving Boltzmann kinetic
	equation},
  journal = {Rarefied Gas Dynamics},
  year = {1996},
  volume = {20},
  pages = {297--302}
}

@ARTICLE{Tabor1998,
  author = {Weller, Henry G and Tabor, G and Jasak, Hrvoje and Fureby, C},
  title = {A tensorial approach to computational continuum mechanics using object-oriented
	techniques},
  journal = {Computers in physics},
  year = {1998},
  volume = {12},
  pages = {620}
}

