%%%%%%%%%%%%%%%%%%%%%%%%%%%%%%%%
%%%   Classical monographs   %%%
%%%%%%%%%%%%%%%%%%%%%%%%%%%%%%%%

@book{Kogan1969,
  title={Rarefied Gas Dynamics},
  author={Kogan, MN},
  publisher={Plenum Press},
  location={New York},
  year={1969}
}

@Misc{Cabannes1980,
  author       = {Cabannes, Henri},
  title        = {The discrete Boltzmann equation (Theory and applications)},
  year         = {1980},
  howpublished = {Lecture notes},
  institution  = {University of California at Berkeley},
}

@book{Cercignani2000,
  title={Rarefied gas dynamics: from basic concepts to actual calculations},
  author={Cercignani, Carlo},
  year={2000},
  publisher={Cambridge University Press}
}

@book{Aristov2001,
  title={Direct methods for solving the Boltzmann equation and study of nonequilibrium flows},
  author={Aristov, Vladimir V},
  year={2012},
  publisher={Springer Science \& Business Media}
}

@book{Succi2001,
  title={The lattice Boltzmann equation: for fluid dynamics and beyond},
  author={Succi, Sauro},
  year={2001},
  publisher={Oxford university press}
}

@book{Rivet2001,
  title={Lattice gas hydrodynamics},
  author={Rivet, J-P and Boon, Jean Pierre},
  year={2001},
  publisher={Cambridge University Press}
}

%%%%%%%%%%%%%%%%%%%%%%%%%%%
%%%   Review articles   %%%
%%%%%%%%%%%%%%%%%%%%%%%%%%%

@Article{Dimarco2014,
  author    = {Dimarco, Giacomo and Pareschi, Lorenzo},
  title     = {Numerical methods for kinetic equations},
  journal   = {Acta Numer.},
  year      = {2014},
  volume    = {23},
  pages     = {369--520},
  doi       = {10.1017/S0962492914000063},
  langid    = {english},
  publisher = {Cambridge Univ Press},
}



%%%%%%%%%%%%%%%%%%%%%%%%%
%%%   Ancient works   %%%
%%%%%%%%%%%%%%%%%%%%%%%%%

@Article{Krook1954,
  author    = {Bhatnagar, P. L. and Gross, E. P. and Krook, M.},
  title     = {A Model for Collision Processes in Gases. I. Small Amplitude Processes in Charged and Neutral One-Component Systems},
  journal   = {Phys. Rev.},
  year      = {1954},
  volume    = {94},
  pages     = {511--525},
  doi       = {10.1103/PhysRev.94.511},
  numpages  = {14},
  publisher = {American Physical Society},
}

@Article{Welander1954,
  author  = {Welander, P.},
  title   = {On the temperature jump in a rarefied gas},
  journal = {Arkiv Fysik},
  year    = {1954},
  volume  = {7},
}

@article{Frisch1986,
  title={Lattice-gas automata for the Navier-Stokes equation},
  author={Frisch, Uriel and Hasslacher, Brosl and Pomeau, Yves},
  journal={Physical review letters},
  volume={56},
  number={14},
  pages={1505},
  year={1986},
  doi={10.1103/PhysRevLett.56.1505},
  publisher={APS}
}

%%%%%%%%%%%%%%%%%%%%%%%%%%%%%%%%%%%%%%
%%%   Kinetic-consistent schemes   %%%
%%%%%%%%%%%%%%%%%%%%%%%%%%%%%%%%%%%%%%

@article{Potkin1975,
  title={Kinetic analysis of difference schemes for gas dynamics},
  author={Potkin, V V},
  journal={USSR Computational Mathematics and Mathematical Physics},
  volume={15},
  number={6},
  pages={126--132},
  year={1975},
  doi={10.1016/0041-5553(75)90208-6},
  publisher={Elsevier}
}

@article{Pullin1980,
  title={Direct simulation methods for compressible inviscid ideal-gas flow},
  author={Pullin, DI},
  journal={Journal of Computational Physics},
  volume={34},
  number={2},
  pages={231--244},
  year={1980},
  doi={10.1016/0021-9991(80)90107-2},
  publisher={Elsevier}
}

@article{Reitz1981,
  title={One-dimensional compressible gas dynamics calculations using the Boltzmann equation},
  author={Reitz, Rolf D},
  journal={Journal of Computational Physics},
  volume={42},
  number={1},
  pages={108--123},
  year={1981},
  doi={10.1016/0021-9991(81)90235-7},
  publisher={Elsevier}
}

@article{Aristov1983,
  title={A solution to Euler and Navier-Stokes equations based on the operator splitting of a kinetic equation},
  author={Aristov, V V and Cheremisin, F G},
  journal={Akademiia Nauk SSSR Doklady},
  volume={272},
  number={3},
  pages={555--559},
  year={1983}
}

@article{Elizarova1985,
  title={Kinetic algorithms for calculating gas dynamic flows},
  author={Elizarova, Tatyana Gennad'evna and Chetverushkin, Boris Nikolaevich},
  journal={USSR Computational Mathematics and Mathematical Physics},
  volume={25},
  number={5},
  pages={164--169},
  year={1985},
  doi={10.1016/0041-5553(85)90194-6},
  publisher={Elsevier}
}

@inproceedings{Deshpande1986,
  title={Kinetic theory based new upwind methods for inviscid compressible flows},
  author={Deshpande, S M},
  booktitle={24th Aerospace Sciences Meeting},
  pages={275},
  doi={10.2514/6.1986-275},
  year={1986}
}

@article{Prendergast1993,
  title={Numerical hydrodynamics from gas-kinetic theory},
  author={Prendergast, Kevin H and Xu, Kun},
  journal={Journal of Computational Physics},
  volume={109},
  number={1},
  pages={53--66},
  year={1993},
  doi={10.1006/jcph.1993.1198},
  publisher={Elsevier}
}

@article{Chou1997,
  title={Kinetic flux--vector splitting for the Navier--Stokes equations},
  author={Chou, Shyan-Yih and Baganoff, Donald},
  journal={Journal of Computational Physics},
  volume={130},
  number={2},
  pages={217--230},
  year={1997},
  doi={10.1006/jcph.1996.5579},
  publisher={Elsevier}
}

@article{Larina2005,
  title={Calculation of the flow of rarefied gas around a circular cylinder at low Knudsen numbers},
  author={Larina, I N and Rykov, V A},
  journal={Comput. Math. Math. Phys.},
  volume={45},
  number={7},
  pages={1259--1279},
  year={2005},
  publisher={Russian Academy of Sciences, Branch of Mathematical Sciences}
}

@article{Ohwada2006,
  title={Simple derivation of high-resolution schemes for compressible flows by kinetic approach},
  author={Ohwada, Taku and Fukata, Satoshi},
  journal={Journal of Computational Physics},
  volume={211},
  number={2},
  pages={424--447},
  year={2006},
  doi={10.1016/j.jcp.2005.04.026},
  publisher={Elsevier}
}

%%%%%%%%%%%%%%%%%%%%%
%%%   DV models   %%%
%%%%%%%%%%%%%%%%%%%%%

@Article{Broadwell1964shock,
  author    = {Broadwell, James E},
  title     = {Shock structure in a simple discrete velocity gas},
  journal   = {Phys. Fluids},
  year      = {1964},
  volume    = {7},
  number    = {8},
  pages     = {1243--1247},
  doi       = {10.1063/1.1711368},
  publisher = {AIP},
}

@Article{Broadwell1964shear,
  author    = {Broadwell, James E},
  title     = {Study of rarefied shear flow by the discrete velocity method},
  journal   = {J. Fluid Mech.},
  year      = {1964},
  volume    = {19},
  number    = {03},
  pages     = {401--414},
  doi       = {10.1017/S0022112064000817},
  publisher = {Cambridge Univ Press},
}

@Book{Gatignol1975,
  author    = {Gatignol, Ren{\'e}e},
  title     = {Th{\'e}orie cin{\'e}tique des gaz {\`a} r{\'e}partition discr{\`e}te de vitesses},
  year      = {1975},
  publisher = {Springer verlag},
  doi       = {10.1007/3-540-07156-3},
  langid    = {french},
}

%%%%%%%%%%%%%%%%%%%%%
%%%   DV method   %%%
%%%%%%%%%%%%%%%%%%%%%

@article{Aristov1980,
  title   = "Conservative splitting method for solving the Boltzmann equation",
  journal = "USSR Comp. Math. Math. Phys.",
  volume  = "20",
  number  = "1",
  pages   = "208--225",
  year    = "1980",
  doi     = "10.1016/0041-5553(80)90074-9",
  author  = "V.V. Aristov and F.G. Tcheremissine"
}

@article{Mieussens2000,
  title={Discrete velocity model and implicit scheme for the BGK equation of rarefied gas dynamics},
  author={Mieussens, Luc},
  journal={Mathematical Models and Methods in Applied Sciences},
  volume={10},
  number={08},
  pages={1121--1149},
  year={2000},
  doi={10.1142/S0218202500000562},
  publisher={World Scientific}
}

@Article{Kolobov2013,
  author    = {Arslanbekov, Robert R and Kolobov, Vladimir I and Frolova, Anna A},
  title     = {Kinetic solvers with adaptive mesh in phase space},
  journal   = {Physical Review E},
  year      = {2013},
  volume    = {88},
  number    = {6},
  pages     = {063301},
  doi       = {10.1103/PhysRevE.88.063301},
  publisher = {APS},
}

%%%%%%%%%%%%%%%%%%%%%%%%%%%%%
%%%   Lattice Boltzmann   %%%
%%%%%%%%%%%%%%%%%%%%%%%%%%%%%

@article{Qian1992,
  title={Lattice BGK models for Navier-Stokes equation},
  author={Qian, Y H and d'Humi{\`e}res, Dominique and Lallemand, Pierre},
  journal={Europhysics Letters},
  volume={17},
  number={6},
  pages={479--484},
  year={1992},
  doi={10.1209/0295-5075/17/6/001},
  publisher={IOP Publishing}
}

@article{Ansumali2002,
  title={Kinetic boundary conditions in the lattice Boltzmann method},
  author={Ansumali, Santosh and Karlin, Iliya V},
  journal={Physical Review E},
  volume={66},
  number={2},
  pages={026311},
  year={2002},
  doi={10.1103/PhysRevE.66.026311},
  publisher={APS}
}

@article{He1997,
  title={A priori derivation of the lattice Boltzmann equation},
  author={He, Xiaoyi and Luo, Li-Shi},
  journal={Physical Review E},
  volume={55},
  number={6},
  pages={R6333--R6336},
  year={1997},
  doi={10.1103/PhysRevE.55.R6333},
  publisher={APS}
}

@article{Shan1998,
  title={Discretization of the velocity space in the solution of the Boltzmann equation},
  author={Shan, Xiaowen and He, Xiaoyi},
  journal={Physical Review Letters},
  volume={80},
  issue={1},
  pages={65--68},
  year={1998},
  doi={10.1103/PhysRevLett.80.65},
  publisher={APS}
}

@article{Karlin1999,
  title   = "On the {H-theorem} in lattice kinetic theory",
  journal = "Riv. Mat . Univ. Parma",
  volume  = "6",
  number  = "2",
  pages   = "143--154",
  year    = "1999",
  author  = "I. Karlin and S. Succi"
}

@article{Chikatamarla2006,
  title={Entropy and Galilean invariance of lattice Boltzmann theories},
  author={Chikatamarla, Shyam S and Karlin, Iliya V},
  journal={Physical review letters},
  volume={97},
  issue={19},
  pages={190601},
  year={2006},
  doi={10.1103/PhysRevLett.97.190601},
  publisher={APS}
}

@article{Chikatamarla2009,
  title={Lattices for the lattice Boltzmann method},
  author={Chikatamarla, Shyam S and Karlin, Iliya V},
  journal={Physical Review E},
  volume={79},
  number={4},
  pages={046701},
  year={2009},
  doi={10.1103/PhysRevE.79.046701},
  publisher={APS}
}

@inproceedings{Succi2016,
  title={Lattice Boltzmann beyond Navier-Stokes: Where do we stand?},
  author={Succi, Sauro},
  booktitle={AIP Conference Proceedings},
  volume={1786},
  number={1},
  pages={030001},
  year={2016},
  doi={10.1063/1.4967538},
  organization={AIP Publishing}
}

%%%%%%%%%%%%%%%%%%%%%%%%%%%%%%%
%%%   High-order lattices   %%%
%%%%%%%%%%%%%%%%%%%%%%%%%%%%%%%

@article{Shan2006,
  title={Kinetic theory representation of hydrodynamics: a way beyond the Navier--Stokes equation},
  author={Shan, Xiaowen and Yuan, Xue-Feng and Chen, Hudong},
  journal={Journal of Fluid Mechanics},
  volume={550},
  pages={413--441},
  year={2006},
  doi={10.1017/S0022112005008153},
  publisher={Cambridge University Press}
}

@article{Shan2010,
  title={General solution of lattices for Cartesian lattice Bhatanagar--Gross--Krook models},
  author={Shan, Xiaowen},
  journal={Physical Review E},
  volume={81},
  issue={3},
  pages={036702},
  numpages = {7},
  year={2010},
  doi={10.1103/PhysRevE.81.036702},
  publisher={APS}
}

@article{Feuchter2016,
  title={High-order lattice Boltzmann models for wall-bounded flows at finite Knudsen numbers},
  author={Feuchter, Claus and Schleifenbaum, W},
  journal={Physical Review E},
  volume={94},
  number={1},
  pages={013304},
  year={2016},
  doi={10.1103/PhysRevE.94.013304},
  publisher={APS}
}

%%%%%%%%%%%%%%%%%%%%%%%%%%
%%%   Hybrid schemes   %%%
%%%%%%%%%%%%%%%%%%%%%%%%%%

@article{Bourgat1996,
  title={Coupling Boltzmann and Navier--Stokes equations by friction},
  author={Bourgat, Jean-Fran{\c{c}}ois and Le Tallec, Patrick and Tidriri, Moulay},
  journal={Journal of Computational Physics},
  volume={127},
  number={2},
  pages={227--245},
  year={1996},
  doi       = {10.1006/jcph.1996.0172},
  publisher={Elsevier}
}

@article{Tallec1997,
  title={Coupling Boltzmann and Navier--Stokes equations by half fluxes},
  author={Le Tallec, Patrick and Mallinger, Fran{\c{c}}ois},
  journal={Journal of Computational Physics},
  volume={136},
  number={1},
  pages={51--67},
  year={1997},
  doi       = {10.1006/jcph.1997.5729},
  publisher={Elsevier}
}

@article{Ohwada2002,
  title={On the construction of kinetic schemes},
  author={Ohwada, Taku},
  journal={Journal of Computational Physics},
  volume={177},
  number={1},
  pages={156--175},
  year={2002},
  doi       = {10.1006/jcph.1997.5729},
  publisher={Elsevier}
}

@article{Ohwada2004Xu,
  title={The kinetic scheme for the full-Burnett equations},
  author={Ohwada, Taku and Xu, Kun},
  journal={Journal of computational physics},
  volume={201},
  number={1},
  pages={315--332},
  year={2004},
  doi={10.1016/j.jcp.2004.05.017},
  publisher={Elsevier}
}

@article{Ohwada2004Kobayashi,
  title={Management of discontinuous reconstruction in kinetic schemes},
  author={Ohwada, Taku and Kobayashi, Seijiro},
  journal={Journal of Computational Physics},
  volume={197},
  number={1},
  pages={116--138},
  year={2004},
  doi={10.1016/j.jcp.2003.11.020},
  publisher={Elsevier}
}

@Article{Kolobov2007,
  author    = {Kolobov, VI and Arslanbekov, RR and Aristov, VV and Frolova, AA and Zabelok, Sergey A},
  title     = {Unified solver for rarefied and continuum flows with adaptive mesh and algorithm refinement},
  journal   = {J. Comput. Phys.},
  year      = {2007},
  volume    = {223},
  number    = {2},
  pages     = {589--608},
  doi       = {10.1016/j.jcp.2006.09.021},
  publisher = {Elsevier},
}

@article{Xu2010,
  title={A unified gas-kinetic scheme for continuum and rarefied flows},
  author={Xu, Kun and Huang, Juan-Chen},
  journal={Journal of Computational Physics},
  volume={229},
  number={20},
  pages={7747--7764},
  year={2010},
  doi={10.1016/j.jcp.2010.06.032},
  publisher={Elsevier}
}

@article{Staso2016short,
  title={Lattice Boltzmann accelerated direct simulation Monte Carlo for dilute gas flow simulations},
  author={{Di Staso}, G and Clercx, HJH and Succi, S and Toschi, F},
  journal={Phil. Trans. R. Soc. A},
  volume={374},
  pages={20160226},
  year={2016},
  doi={10.1098/rsta.2016.0226},
  publisher={The Royal Society}
}

@article{Staso2016long,
  title={{DSMC--LBM} mapping scheme for rarefied and non-rarefied gas flows},
  author={Di Staso, Gianluca and Clercx, HJH and Succi, Sauro and Toschi, Federico},
  journal={Journal of Computational Science},
  volume={17},
  pages={357--369},
  year={2016},
  doi={10.1016/j.jocs.2016.04.011},
  publisher={Elsevier}
}

@article{Staso2018,
  title={Hybrid lattice Boltzmann-direct simulation Monte Carlo approach for flows in three-dimensional geometries},
  author={{Di Staso}, G and Srivastava, S and Arlemark, E and Clercx, HJH and Toschi, F},
  journal={Computers \& Fluids},
  year={2018},
  doi={10.1016/j.compßuid.2018.03.043},
  publisher={Elsevier}
}

%%%%%%%%%%%%%%%%%%%%%%%%
%%%   Couette flow   %%%
%%%%%%%%%%%%%%%%%%%%%%%%

@article{Luo2015,
  title={Accurate solution and approximations of the linearized BGK equation for steady Couette flow},
  author={Li, Wei and Luo, Li-Shi and Shen, Jie},
  journal={Comput. Fluids},
  volume={111},
  pages={18--32},
  doi={10.1016/j.compfluid.2014.12.018},
  year={2015},
  publisher={Elsevier}
}

@article{Luo2016,
  title={Analysis and accurate numerical solutions of the integral equation derived from the linearized BGKW equation for the steady Couette flow},
  author={Jiang, Shidong and Luo, Li-Shi},
  journal={J. Comput. Phys.},
  volume={316},
  pages={416--434},
  doi={10.1016/j.jcp.2016.04.011},
  year={2016},
  publisher={Elsevier}
}


