@article{bhatnagar1954model,
  title={A model for collision processes in gases. I. Small amplitude processes in charged and neutral one-component systems},
  author={Bhatnagar, Prabhu Lal and Gross, Eugene P and Krook, Max},
  journal={Physical review},
  volume={94},
  number={3},
  pages={511},
  year={1954},
  doi={10.1103/PhysRev.94.511},
  publisher={APS}
}

@article{shakhov1968generalization,
  title={Generalization of the Krook kinetic relaxation equation},
  author={Shakhov, EM},
  journal={Fluid dynamics},
  volume={3},
  number={5},
  pages={95--96},
  year={1968},
  doi={10.1007/BF01029546},
  publisher={Springer}
}

@article{titarev2004numerical,
  title={Numerical study of intense unsteady evaporation from the surface of a sphere},
  author={Titarev, VA and Shakhov, EM},
  journal={Computational Mathematics and Mathematical Physics},
  volume={44},
  number={7},
  pages={1245--1258},
  doi={10.1134/S0965542510100088},
  year={2004}
}

@article{husimi1940some,
  title={Some formal properties of the density matrix},
  author={Husimi, K{\^o}di},
  journal={Proceedings of the Physico-Mathematical Society of Japan. 3rd Series},
  volume={22},
  number={4},
  pages={264--314},
  year={1940},
  doi={10.11429/ppmsj1919.22.4_264},
  publisher={The Physical Society of Japan, The Mathematical Society of Japan}
}
