%%%%%%%%%%%%%%%%%%%%%%%%%
%%% Asymptotic theory %%%
%%%%%%%%%%%%%%%%%%%%%%%%%

@BOOK{Hilbert1912,
  title = {Gr{\"u}ndz{\"u}ge einer allgemeinen Theorie der linearen Integralgleichungen},
  year = {1912},
  publisher = {Teubner},
  address = {Leipzig},
  author = {Hilbert, David}
}

@BOOK{Sone2007,
  title = {Molecular Gas Dynamics: Theory, Techniques, and Applications},
  publisher = {Birkh{\"a}user},
  address = {Boston},
  year = {2007},
  author = {Sone, Yoshio}
}

@BOOK{Sone2002,
  title = {Kinetic Theory and Fluid Dynamics},
  publisher = {Birkh{\"a}user},
  address = {Boston},
  year = {2002},
  author = {Sone, Yoshio}
}

%%%%%%%%%%%%%%%%%%%%
%%%  Main works  %%%
%%%%%%%%%%%%%%%%%%%%

@ARTICLE{SoneBobylev96,
  author = {Sone, Yoshio and Aoki, Kazuo and Takata, Shigeru and Sugimoto, Hiroshi
	and Bobylev, A V},
  title = {Inappropriateness of the heat-conduction equation for description
	of a temperature field of a stationary gas in the continuum limit:
	Examination by asymptotic analysis and numerical computation of the
	Boltzmann equation},
  journal = {Phys. Fluids},
  year = {1996},
  volume = {8},
  pages = {628--638},
  number = {2},
  note = {Erratum: \textbf{8}(3), 841 (1996)}
}

@ARTICLE{Kogan1971,
  author = {Galkin, V S and Kogan, M N and Fridlender, O G},
  title = {Free convection in a gas in the absence of external forces},
  journal = {Fluid Dyn.},
  year = {1971},
  pages = {448--457},
  volume = {6},
  number = {3}
}

@ARTICLE{Kogan1976,
  author = {Kogan, M N and Galkin, V S and Fridlender, O G},
  title = {Stresses produced in gases by temperature and concentration inhomogeneities.
	  {N}ew types of free convection},
  journal = {Sov. Phys. Usp.},
  year = {1976},
  volume = {19},
  pages = {420--428},
  number = {5}
}

%%%%%%%%%%%%%%%%%%%%%%%%%%%%%
%%% Numerical simulations %%%
%%%%%%%%%%%%%%%%%%%%%%%%%%%%%

@article{Sone1989Noncoaxial,
  title={Numerical analysis of a flow induced in a rarefied gas between noncoaxial circular cylinders with different temperatures for the entire range of the Knudsen number},
  author={Aoki, Kazuo and Sone, Yoshio and Yano, Takeru},
  journal={Phys. Fluids A},
  volume={1},
  number={2},
  pages={409--419},
  year={1989},
  publisher={AIP Publishing}
}

@ARTICLE{SoneCoaxial,
  author = {Aoki, K and Sone, Y and Waniguchi, Y},
  title = {A rarefied gas flow induced by a temperature field: Numerical analysis
	of the flow between two coaxial elliptic cylinders with different
	uniform temperatures},
  journal = {Comput. Math. Appl.},
  year = {1998},
  volume = {35},
  pages = {15--28},
  number = {1},
  publisher = {Elsevier}
}

@article{Aleksandrov2002Tube,
  title={Numerical analysis of the influence of thermal stresses on the nonlinear thermomolecular pressure difference effect},
  author={Aleksandrov, V Yu},
  journal={Fluid Dyn.},
  volume={37},
  number={6},
  pages={983--995},
  year={2002},
  publisher={Springer}
}

@inproceedings{Laneryd2006,
    title={Thermal creep of a slightly rarefied gas through a channel with curved boundary},
    author={Laneryd, Carl-Johan Tor and Aoki, K and Degond, P and Mieussens, L},
    booktitle={Rarefied Gas Dynamics},
    editor={Ivanov, M S and Rebrov, A K},
    year={2007},
    publisher={Siberian Branch of the Russian Academy of Sciences},
    address={Novosibirsk},
    pages={1111-1116}
}

@article{Laneryd2007,
    title={Slow flows of a vapor-gas mixture with large density and temperature variations in the near-continuum regime},
    author={Laneryd, Carl-Johan Tor and Aoki, Kazuo and Takata, Shigeru},
    journal={Phys. Fluids},
    volume={19},
    pages={107104},
    year={2007}
}

@article{Aleksandrov2008Particle,
  title={Slow gas motions and the negative drag of a strongly heated spherical particle},
  author={Aleksandrov, V Yu and Fridlender, O G},
  journal={Fluid Dyn.},
  volume={43},
  number={3},
  pages={485--492},
  year={2008},
  publisher={Springer}
}

%%%%%%%%%%%%%%%%%%%%%%%%%%
%%% Experimental works %%%
%%%%%%%%%%%%%%%%%%%%%%%%%%

@inproceedings{ExperimentsNTFS2003,
  title={Numerical and experimental investigations of thermal stress effect on nonlinear thermomolecular pressure difference},
  author={Alexandrov, Victor Yu and Friedlander, Oscar G and Nikolsky, Yurii V},
  booktitle={Rarefied Gas Dynamics},
  editor={Ketsdever, A D and Muntz, E P},
  publisher={AIP},
  address={New York},
  pages={250--257},
  year={2003}
}

%%%%%%%%%%%%%%%%
%%% OpenFOAM %%%
%%%%%%%%%%%%%%%%

@ARTICLE{OpenFOAM1998,
  author = {Weller, Henry G and Tabor, G and Jasak, Hrvoje and Fureby, C},
  title = {A tensorial approach to computational continuum mechanics using object-oriented
	techniques},
  journal = {Comput. Phys.},
  year = {1998},
  volume = {12},
  pages = {620--631},
  number = {6}
}

@article{OpenFOAM2010,
    title={Implementation of semi-discrete, non-staggered central schemes in a colocated, polyhedral, finite volume framework, for high-speed viscous flows},
    author={Greenshields, Christopher J and Weller, Henry G and Gasparini, Luca and Reese, Jason M},
    journal={Int. J. Numer. Methods Fluids},
    volume={63},
    number={1},
    pages={1--21},
    year={2010},
    publisher={Wiley Online Library}
}

@article{CoastalEngineering2013,
  title={Realistic wave generation and active wave absorption for {N}avier--{S}tokes models: Application to {OpenFOAM}{\textregistered}},
  author={Higuera, Pablo and Lara, Javier L and Losada, Inigo J},
  journal={Coast. Eng.},
  volume={71},
  pages={102--118},
  year={2013},
  publisher={Elsevier}
}

@article{BoilingFlows2009,
  title={{CFD} simulation of boiling flows using the volume-of-fluid method within {OpenFOAM}},
  author={Kunkelmann, Christian and Stephan, Peter},
  journal={Numer. Heat Transf. A},
  volume={56},
  number={8},
  pages={631--646},
  year={2009},
  publisher={Taylor \& Francis}
}

@article{TurbulentCombustion2011,
  title={Implementation of the eddy dissipation model of turbulent non-premixed combustion in {OpenFOAM}},
  author={Kassem, Hassan I and Saqr, Khalid M and Aly, Hossam S and Sies, Mohsin M and Wahid, Mazlan Abdul},
  journal={Int. Commun. Heat Mass Transf.},
  volume={38},
  number={3},
  pages={363--367},
  year={2011},
  publisher={Elsevier}
}

@article{BiomassPyrolysis2013,
  title={Development of a generalized numerical framework for simulating biomass fast pyrolysis in fluidized-bed reactors},
  author={Xiong, Qingang and Kong, Song-Charng and Passalacqua, Alberto},
  journal={Chem. Eng. Sci.},
  volume={99},
  pages={305--313},
  year={2013},
  publisher={Elsevier}
}

@article{HybridSolver2014,
  title={A hybrid continuum-particle solver for unsteady rarefied gas flows},
  author={Pantazis, S and Rusche, H},
  journal={Vacuum},
  volume={109},
  pages={275--283},
  year={2014},
  publisher={Elsevier}
}

%%%%%%%%%%%%%%%%%%%%%%%%%%%
%%% Thermal creep flows %%%
%%%%%%%%%%%%%%%%%%%%%%%%%%%

@article{Maxwell1879Stresses,
  title={On stresses in rarified gases arising from inequalities of temperature},
  author={Maxwell, J Clerk},
  journal={Philos. Trans. R. Soc. London},
  volume={170},
  pages={231--256},
  year={1879},
  publisher={The Royal Society}
}

@article{Ohwada1989Creep,
  title={Numerical analysis of the shear and thermal creep flows of a rarefied gas over a plane wall on the basis of the linearized Boltzmann equation for hard-sphere molecules},
  author={Ohwada, Taku and Sone, Yoshio and Aoki, Kazuo},
  journal={Phys. Fluids A},
  volume={1},
  number={9},
  pages={1588--1599},
  year={1989},
  publisher={AIP Publishing}
}

@article{Sone1972Stress,
  title={A flow induced by thermal stress in rarefied gas},
  author={Sone, Yoshio},
  journal={J. Phys. Soc. Jpn.},
  volume={33},
  number={1},
  pages={232--236},
  year={1972},
  publisher={The Physical Society of Japan}
}

%%%%%%%%%%%%%%%%%
%%%   Other   %%%
%%%%%%%%%%%%%%%%%

@ARTICLE{GMSH,
  author = {Geuzaine, Christophe and Remacle, Jean-Fran{\c{c}}ois},
  title = {Gmsh: A 3-{D} finite element mesh generator with built-in pre- and post-processing
	facilities},
  journal = {Int. J. Numer. Methods Eng.},
  year = {2009},
  volume = {79},
  pages = {1309--1331},
  number = {11},
  publisher = {Wiley Online Library}
}

@ARTICLE{SIMPLE,
  author = {Caretto, L S and Curr, R M and Spalding, D B},
  title = {Two numerical methods for three-dimensional boundary layers},
  journal = {Comput. Methods Appl. Mech. Eng.},
  year = {1972},
  volume = {1},
  pages = {39--57},
  number = {1},
  publisher = {Elsevier}
}

@article{SharipovCoefficients,
  title={Data on the velocity slip and temperature jump on a gas-solid interface},
  author={Sharipov, Felix},
  journal={J. Phys. Chem. Ref. Data},
  volume={40},
  number={2},
  pages={023101},
  year={2011},
  publisher={AIP Publishing}
}

@book{Smythe1968Electricity,
  author={Smythe, William Ralph},
  title={Static and Dynamic Electricity},
  edition={3},
  publisher={McGraw-Hill},
  address={New York},
  year={1968}
}
