@book{Sone2007,
  address = {Boston},
  author = {Sone, Yoshio},
  publisher = {Birkh\"{a}user},
  title = {Molecular gas dynamics: theory, techniques, and applications},
  year = {2007}
}

@article{Ender1988,
  title={Numerical solution of isotropic relaxation problems by the method of Maxwellian expansion},
  author={Kolyshkin, I N and Ender, A Ya and Ender, I A},
  journal={USSR Computational Mathematics and Mathematical Physics},
  volume={28},
  number={3},
  pages={187--198},
  year={1988},
  doi={10.1016/0041-5553(88)90198-X},
  publisher={Elsevier}
}

@article{Mieussens2000,
  title={Discrete-velocity models and numerical schemes for the Boltzmann-BGK equation in plane and axisymmetric geometries},
  author={Mieussens, Luc},
  journal={Journal of Computational Physics},
  volume={162},
  number={2},
  pages={429--466},
  year={2000},
  doi={10.1006/jcph.2000.6548},
  publisher={Elsevier}
}

@Article{Dick2013,
  author    = {Dick, Josef and Kuo, Frances Y and Sloan, Ian H},
  title     = {High-dimensional integration: the quasi-Monte Carlo way},
  journal   = {Acta Numer.},
  year      = {2013},
  volume    = {22},
  pages     = {133--288},
  doi       = {10.1017/S0962492913000044},
    langid    = {english},
  publisher = {Cambridge University Press},
}

@article{Varghese1994,
  title={The $\Delta$-$\varepsilon$ method for the Boltzmann equation},
  author={Tan, Zhiqiang and Varghese, Philip L},
  journal={Journal of Computational Physics},
  volume={110},
  number={2},
  pages={327--340},
  year={1994},
  doi={10.1006/jcph.1994.1030},
  publisher={Elsevier}
}

@Article{Kolobov2013,
  author    = {Arslanbekov, Robert R and Kolobov, Vladimir I and Frolova, Anna A},
  title     = {Kinetic solvers with adaptive mesh in phase space},
  journal   = {Phys. Rev. E},
  year      = {2013},
  volume    = {88},
  number    = {6},
  pages     = {063301},
  doi       = {10.1103/PhysRevE.88.063301},
  langid    = {english},
  publisher = {APS},
}
