
@article{Vasilyev2015,
  title={Parallel adaptive wavelet collocation method for PDEs},
  author={Nejadmalayeri, Alireza and Vezolainen, Alexei and Brown-Dymkoski, Eric and Vasilyev, Oleg V},
  journal={Journal of Computational Physics},
  volume={298},
  pages={237--253},
  year={2015},
  publisher={Elsevier}
}
