@book{anderson1990modern,
  title={Modern compressible flow: with historical perspective},
  author={Anderson, John David},
  edition={2},
  year={1990},
  publisher={McGraw-Hill},
  location={New York}
}

@article{hill1966condensation,
  title={Condensation of water vapour during supersonic expansion in nozzles},
  author={Hill, Philip G},
  journal={Journal of Fluid Mechanics},
  volume={25},
  number={3},
  pages={593--620},
  year={1966},
  doi={10.1017/S0022112066000284},
  publisher={Cambridge University Press}
}

@article{hale2004scaling,
  title={Scaling of the nucleation rate and a Monte Carlo discrete sum approach to water cluster free energies of formation},
  author={Hale, Barbara N and DiMattio, David J},
  journal={The Journal of Physical Chemistry B},
  volume={108},
  number={51},
  pages={19780--19785},
  year={2004},
  doi={10.1021/jp0476343},
  publisher={ACS Publications}
}

@article{sinha2009modeling,
  title={Modeling of \ch{H2O}/\ch{D2O} condensation in supersonic nozzles},
  author={Sinha, Somnath and Wyslouzil, Barbara E and Wilemski, Gerald},
  journal={Aerosol Science and Technology},
  volume={43},
  number={1},
  pages={9--24},
  year={2009},
  doi={10.1080/02786820802441771},
  publisher={Taylor \& Francis}
}
