@ARTICLE{Safronov2010,
  title={{Оценка точности и сравнительный анализ разностных схем сквозного счета повышенного порядка}},
  author={Сафронов, A. B.},
  journal={вычислительные методы и программирование},
  volume={11},
  pages={137--143},
  year={2010},
  owner = {rogozin},
  timestamp = {2010.08.02}
}
