@mvcollection{Landavshits,
  editor={Питаевского, Л. П.},
  title={Теоретическая физика},
  date={2002/2016},
  volumes={10},
  location={М.},
  publisher={Физматлит},
  subtitle={Учеб. пособ.: для вузов},
  langid={russian},
}

@incollection{Landavshits6,
  crossref={Landavshits},
  author={Ландау, Л. Д. and Лифшиц, Е. М.},
  title={Гидродинамика},
  volume={VI},
  edition={5},
  year={2001},
  pagetotal={736},
}

@incollection{Landavshits8,
  crossref={Landavshits},
  author={Ландау, Л. Д. and Лифшиц, Е. М.},
  title={Электродинамика сплошных сред},
  volume={VIII},
  edition={4},
  year={2005},
  pagetotal={656},
}

@article{du2019influence,
  title={Influence of static magnetic field on microstructure and mechanical behavior of selective laser melted AlSi10Mg alloy},
  author={Du, Dafan and Haley, James C and Dong, Anping and Fautrelle, Yves and Shu, Da and Zhu, Guoliang and Li, Xi and Sun, Baode and Lavernia, Enrique J},
  journal={Materials \& Design},
  volume={181},
  pages={107923},
  year={2019},
  publisher={Elsevier}
}