%%%%%%%%%%%%%%%%
%%% Modeling %%%
%%%%%%%%%%%%%%%%

@article{Goldak1984,
  title={A new finite element model for welding heat sources},
  author={Goldak, John and Chakravarti, Aditya and Bibby, Malcolm},
  journal={Metallurgical Transactions B},
  volume={15},
  number={2},
  pages={299--305},
  year={1984},
  langid={english},
  doi={10.1007/BF02667333},
  publisher={Springer}
}

@article{Gusarov2009,
  title={Model of radiation and heat transfer in laser-powder interaction zone at selective laser melting},
  author={Gusarov, A V and Yadroitsev, I and Bertrand, {\relax Ph} and Smurov, I},
  journal={Journal of heat transfer},
  volume={131},
  number={7},
  pages={072101},
  langid={english},
  doi={10.1115/1.3109245},
  year={2009},
  publisher={American Society of Mechanical Engineers}
}

%%%%%%%%%%%%%%%%%%%
%%% Phase field %%%
%%%%%%%%%%%%%%%%%%%

@article{Wheeler1993,
  title={Thermodynamically-consistent phase-field models for solidification},
  author={Wang, S-L and Sekerka, R F and Wheeler, A A and Murray, B T and Coriell, S R and Braun, R J and McFadden, G B},
  journal={Physica D: Nonlinear Phenomena},
  volume={69},
  number={1-2},
  pages={189--200},
  langid={english},
  doi={10.1016/0167-2789(93)90189-8},
  year={1993},
  publisher={Elsevier}
}

%%%%%%%%%%%%%%%%%%%%%%%%%%%%%
%%% Computational methods %%%
%%%%%%%%%%%%%%%%%%%%%%%%%%%%%

@article{Vasilyev2015,
  title={Parallel adaptive wavelet collocation method for PDEs},
  author={Nejadmalayeri, Alireza and Vezolainen, Alexei and Brown-Dymkoski, Eric and Vasilyev, Oleg V},
  journal={Journal of Computational Physics},
  volume={298},
  pages={237--253},
  year={2015},
  langid={english},
  doi={10.1016/j.jcp.2015.05.028},
  publisher={Elsevier}
}
