@article{mullins1964stability,
  title={Stability of a planar interface during solidification of a dilute binary alloy},
  author={Mullins, William W and Sekerka, RF},
  journal={Journal of applied physics},
  volume={35},
  number={2},
  pages={444--451},
  year={1964},
  doi={10.1063/1.1713333},
  publisher={American Institute of Physics}
}

@article{wollkind1970nonlinear,
  title={A nonlinear stability analysis of the freezing of a dilute binary alloy},
  author={Wollkind, David J and Segel, Lee A},
  journal={Philosophical Transactions of the Royal Society of London. Series A, Mathematical and Physical Sciences},
  volume={268},
  number={1191},
  pages={351--380},
  year={1970},
  doi={10.1098/rsta.1970.0078},
  publisher={The Royal Society London}
}

@article{langer1977studies,
  title={Studies in the theory of interfacial stabilityâ€”II. Moving symmetric model},
  author={Langer, JS},
  journal={Acta Metallurgica},
  volume={25},
  number={10},
  pages={1121--1137},
  year={1977},
  doi={10.1016/0001-6160(77)90200-0},
  publisher={Elsevier}
}

@article{caroli1982emergence,
  title={On the emergence of one-dimensional front instabilities in directional solidification and fusion of binary mixtures},
  author={Caroli, B and Caroli, C and Roulet, B},
  journal={Journal de Physique},
  volume={43},
  number={12},
  pages={1767--1780},
  year={1982},
  doi={10.1051/jphys:0198200430120176700},
  publisher={Soci{\'e}t{\'e} Fran{\c{c}}aise de Physique}
}

@incollection{langer1987lectures,
  title={Lectures in the theory of pattern formation},
  booktitle={Chance and Matter},
  author={Langer, J S},
  editor={Souletie, J and Vannimenus, J and Stora, R},
  journal={Chance and matter},
  chapter={10},
  volume={46},
  year={1987},
  series={Les Houches},
  pages={629--711},
  publisher={North Holland}
}
