@article{levin2008general,
  title={A general solution of 3-D quasi-steady-state problem of a moving heat source on a semi-infinite solid},
  author={Levin, Pavel},
  journal={Mechanics research communications},
  volume={35},
  number={3},
  pages={151--157},
  year={2008},
  doi={10.1016/j.mechrescom.2007.09.003},
  publisher={Elsevier}
}

@article{rosenthal1946theory,
  title={The theory of moving sources of heat and its application of metal treatments},
  author={Rosenthal, Daniel},
  journal={Transactions of ASME},
  volume={68},
  pages={849--866},
  year={1946}
}

