% Encoding: UTF-8

@Article{Rogozin2010,
  author  = {Anikin, {\relax Yu} A and Derbakova, E P and Dodulad, O I and Kloss, {\relax Yu} {\relax Yu} and Martynov, D V and Rogozin, O A and Shuvalov, P V and Tcheremissine, F G},
  title   = {Computing of Gas Flows in Micro- and Nanoscale Channels on the Base of the Boltzmann Kinetic Equation},
  journal = {Procedia Comput. Sci.},
  year    = {2010},
  volume  = {1},
  number  = {1},
  pages   = {735--744},
  doi     = {10.1016/j.procs.2010.04.079},
}

@Article{Rogozin2014,
  author    = {Rogozin, Oleg},
  title     = {Computer simulation of slightly rarefied gas flows driven by significant temperature variations and their continuum limit},
  journal   = {Theor. Comput. Fluid Dyn.},
  year      = {2014},
  volume    = {28},
  number    = {6},
  pages     = {573--587},
  doi       = {10.1007/s00162-014-0334-5},
  publisher = {Springer},
}

@Article{Rogozin2016,
  author  = {Rogozin, Oleg},
  title   = {Numerical analysis of the nonlinear plane Couette-flow problem of a rarefied gas for hard-sphere molecules},
  journal = {Eur. J. Mech. B/Fluids},
  year    = {2016},
  volume  = {60},
  pages   = {148--163},
  doi     = {10.1016/j.euromechflu.2016.06.011},
}

@Article{Rogozin2017,
  author  = {Rogozin, O A},
  title   = {Slow non-isothermal flows: numerical and asymptotic analysis of the Boltzmann equation},
  journal = {Comput. Math. Math. Phys.},
  year    = {2017},
  volume  = {57},
  number  = {7},
  pages   = {1201--1224},
}

@Online{github-kesolver,
  title = {kesolver},
  url   = {https://github.com/olegrog/kesolver},
}

@Online{github-openfoam,
  title = {{snitSimpleFoam}},
  url   = {https://github.com/olegrog/openfoam},
}

@Article{Tcheremissine1998,
  author    = {Tcheremissine, Felix G},
  title     = {Conservative evaluation of Boltzmann collision integral in discrete ordinates approximation},
  journal   = {Comput. Math. with Appl.},
  year      = {1998},
  volume    = {35},
  number    = {1},
  pages     = {215--221},
  doi       = {10.1016/s0898-1221(97)00269-1},
  langid    = {english},
  publisher = {Elsevier},
}

@Article{Tcheremissine2006,
  author    = {Tcheremissine, Felix G},
  title     = {{Solution to the Boltzmann kinetic equation for high-speed flows}},
  journal   = {Comput. Math. Math. Phys.},
  year      = {2006},
  volume    = {46},
  number    = {2},
  pages     = {315--329},
  doi       = {10.1134/s0965542506020138},
  langid    = {english},
  publisher = {Springer},
}

@Article{Kogan1976,
  author  = {Kogan, M N and Galkin, V S and Fridlender, O G},
  title   = {Stresses produced in gases by temperature and concentration inhomogeneities. New types of free convection},
  journal = {Phys. Usp.},
  year    = {1976},
  volume  = {19},
  number  = {5},
  pages   = {420--428},
  doi     = {10.1070/PU1976v019n05ABEH005261},
  langid  = {english},
}

@Article{Kolobov2013,
  author    = {Arslanbekov, Robert R and Kolobov, Vladimir I and Frolova, Anna A},
  title     = {Kinetic solvers with adaptive mesh in phase space},
  journal   = {Phys. Rev. E},
  year      = {2013},
  volume    = {88},
  number    = {6},
  pages     = {063301},
  doi       = {10.1103/PhysRevE.88.063301},
  langid    = {english},
  publisher = {APS},
}

@Article{Pareschi2006,
  author  = {Mouhot, Cl{\'e}ment and Pareschi, Lorenzo},
  title   = {Fast algorithms for computing the Boltzmann collision operator},
  journal = {Math. Comput.},
  year    = {2006},
  volume  = {75},
  number  = {256},
  pages   = {1833--1852},
  doi     = {10.1090/S0025-5718-06-01874-6},
  langid  = {english},
}

@Article{Lemou2003,
  author    = {Antoine, Xavier and Lemou, Mohammed},
  title     = {Wavelet approximations of a collision operator in kinetic theory},
  journal   = {C.R. Math.},
  year      = {2003},
  volume    = {337},
  number    = {5},
  pages     = {353--358},
  doi       = {10.1016/S1631-073X(03)00345-5},
  langid    = {english},
  publisher = {Elsevier},
}

@Online{Tran2013,
  author     = {Tran, Minh-Binh},
  title      = {Nonlinear approximation theory for the homogeneous Boltzmann equation},
  year       = {2013},
  eprint     = {1305.1667},
  eprinttype = {arxiv},
  langid     = {english},
}

@Book{Sone2007,
  author    = {Sone, Yoshio},
  title     = {Molecular gas dynamics: theory, techniques, and applications},
  year      = {2007},
  publisher = {Birkh{\"a}user},
  location  = {Boston},
  langid    = {english},
}

@Article{Reese2013,
  author    = {Wu, Lei and White, Craig and Scanlon, Thomas J and Reese, Jason M and Zhang, Yonghao},
  title     = {Deterministic numerical solutions of the Boltzmann equation using the fast spectral method},
  journal   = {Journal of Computational Physics},
  year      = {2013},
  volume    = {250},
  pages     = {27--52},
  doi       = {10.1016/j.jcp.2013.05.003},
  langid    = {english},
  publisher = {Elsevier},
}

@Comment{jabref-meta: databaseType:biblatex;}
