%%%%%%%%%%%%%%%%%%%%%%%
%%% Sone and others %%%
%%%%%%%%%%%%%%%%%%%%%%%

@BOOK{Sone2007,
  title = {Molecular gas dynamics: theory, techniques, and applications},
  publisher = {Birkhauser},
  year = {2007},
  author = {Sone, Y.}
}

@BOOK{Sone2002,
  title = {Kinetic theory and fluid dynamics},
  publisher = {Birkhauser},
  year = {2002},
  author = {Sone, Yoshio}
}

@ARTICLE{Sone1996,
  author = {Sone, Yoshio and Aoki, Kazuo and Takata, Shigeru and Sugimoto, Hiroshi
	and Bobylev, AV},
  title = {Inappropriateness of the heat-conduction equation for description
	of a temperature field of a stationary gas in the continuum limit:
	Examination by asymptotic analysis and numerical computation of the
	Boltzmann equation},
  journal = {Physics of fluids},
  year = {1996},
  volume = {8},
  pages = {628}
}

@inproceedings{Aoki2006,
    title={Thermal creep of a slightly rarefied gas through a channel with curved boundary},
    author={Laneryd, Carl-Johan Tor and Aoki, K and Degond, P and Mieussens, L},
    booktitle={Rarefied Gas Dynamics},
    editor={Ivanov, M S and Rebrov, A K},
    year={2007},
    publisher={Siberian Branch of the Russian Academy of Sciences},
    address={Novosibirsk},
    pages={1111-1116}
}

@article{Aoki2007,
    title={Slow flows of a vapor-gas mixture with large density and temperature variations in the near-continuum regime},
    author={Laneryd, Carl-Johan Tor and Aoki, Kazuo and Takata, Shigeru},
    journal={Phys. Fluids},
    volume={19},
    pages={107104},
    year={2007}
}

%%%%%%%%%%%%%%%%%%%%%%%%%
%%% Projection method %%%
%%%%%%%%%%%%%%%%%%%%%%%%%

@inproceedings{Tcheremissine1997,
  title={Консервативный метод вычисления интеграла столкновений Больцмана},
  author={Черемисин, ФГ},
  booktitle={Доклады РАН},
  volume={357},
  number={1},
  pages={1--4},
  year={1997}
}

@article{Tcheremissine2006,
  title={Решение кинетического уравнения Больцмана для высокоскоростных течений},
  author={Черемисин, ФГ},
  journal={Журнал вычислительной математики и математической физики},
  volume={46},
  number={2},
  pages={329--343},
  year={2006},
  publisher={Российская академия наук, Отделение математических наук}
}

@article{Anikin2012,
  title={О точности проекционного счета интеграла столкновений},
  author={Аникин, Юрий Александрович},
  journal={Журнал вычислительной математики и математической физики},
  volume={52},
  number={4},
  pages={697--719},
  year={2012},
  publisher={Российская академия наук, Отделение математических наук}
}

@unpublished{Dodulad2015,
  author = {Dodulad, Oleg},
  title = {{A conservative projection method for evaluation of the Boltzmann collision integral on non-uniform discrete-velocity grids}},
  note = {{Comput. Math. Appl. (submitted)}},
  year = {2015}
}

@unpublished{Rogozin2015,
  author = {Rogozin, Oleg},
  title = {{Numerical analysis of the nonlinear plane Couette-flow problem of a rarefied gas for hard-sphere molecules}},
  note = {{J. Fluid Mech. (submitted)}},
  year = {2015}
}

@article{Popov2001,
  title={Пример совместного численного решения уравнений Больцмана и Навье-Стокса},
  author={Попов, С П and Черемисин, Ф Г},
  journal={Журнал вычислительной математики и математической физики},
  volume={41},
  number={3},
  pages={489--500},
  year={2001},
  publisher={Российская академия наук, Отделение математических наук}
}

@article{Kloss2011,
  title={Проблемно-моделирующая среда для расчетов и анализа газокинетических процессов},
  author={Додулад, ОИ and Клосс, ЮЮ and Мартынов, ДВ and Рогозин, ОА and Pябченков, ВВ and Черемисин, ФГ and Шувалов, ПВ},
  journal={Нано-и микросистемная техника},
  number={2},
  year={2011},
  publisher={Новые технологии}
}

@article{Kloss2012,
  title={Development of applied software for analysis of gas flows in vacuum devices},
  author={Anikin, Yu A and Dodulad, OI and Kloss, Yu Yu and Martynov, DV and Shuvalov, PV and Tcheremissine, FG},
  journal={Vacuum},
  volume={86},
  number={11},
  pages={1770--1777},
  year={2012},
  publisher={Elsevier}
}

@article{Korobov1959,
  title={О приближенном вычислении кратных интегралов},
  author={Коробов, НМ},
  journal={ДАН СССР},
  volume={124},
  number={6},
  pages={1207--1210},
  year={1959}
}

@book{Sloan1994,
  author = {Sloan, Ian H and Joe, Stephen},
  publisher = {Oxford University Press},
  title = {{Lattice methods for multiple integration}},
  year = {1994}
}

%%%%%%%%%%%%%%%%%%%%%%%%%%%%%%
%%% Friedlander and others %%%
%%%%%%%%%%%%%%%%%%%%%%%%%%%%%%

@article{Kogan1970,
  title={О некоторых кинетических эффектах в течениях сплошной среды},
  author={Галкин, ВС and Коган, МН and Фридлендер, ОГ},
  journal={Изв. АН СССР, МЖГ},
  volume={3},
  pages={13--21},
  year={1970}
}

@article{Kogan1971,
  title={О свободной конвекции в газе в отсутствие внешних сил},
  author={Галкин, ВС and Коган, МН and Фридлендер, ОГ},
  journal={Изв. АН СССР, МЖГ},
  volume={3},
  year={1971}
}

@article{Kogan1972,
  title={Обтекание сильно нагретой сферы потоком газа при малых числах Рейнольдса},
  author={Галкин, ВС and Коган, МН and Фридлендер, ОГ},
  journal={Прикл. математика и механика},
  volume={36},
  number={5},
  pages={880--885},
  year={1972}
}

@article{Friedlander1974,
  title={Силы, действующие на тела в газе и обусловленные барнеттовскими напряжениями},
  author={Галкин, ВС and Фридлендер, ОГ},
  journal={Прикл. математика и механика},
  volume={38},
  number={2},
  year={1974}
}

@article{Kogan1976,
  title={О напряжениях, возникающих в газах вследствие неоднородности температуры и концентраций. Новые типы свободной конвекции},
  author={Коган, МН and Галкин, ВС and Фридлендер, ОГ},
  journal={Успехи физических наук},
  volume={119},
  pages={111--125},
  year={1976}
}

@article{Friedlander1978,
  author={Жбакова, АВ and Фридлендер, ОГ},
  title={Теплопередача в медленных течениях газа},
  journal={Ученые записки ЦАГИ},
  year={1978},
  issue={9},
  volume={5}
}

@incollection{Friedlander1997,
  title={Thermal stress effect and its experimental detection},
  author={Alexandrov, V and Boris, A and Friedlander, O and Kogan, M and Nikolsky, Yu and Perminov, V},
  booktitle={Rarefied Gas Dynamics. Proceedings of 20-th International Symposium},
  editor={Ching Shen},
  publisher={Peking University Press},
  chapter={Rarefied Flow Studies},
  address={Beijing, China},
  pages={79--84},
  year={1997}
}

@incollection{Friedlander2003,
  title={Numerical and experimental investigations of thermal stress effect on nonlinear thermomolecular pressure difference},
  author={Alexandrov, Victor Yu and Friedlander, Oscar G and Nikolsky, Yurii V},
  booktitle={Rarefied Gas Dynamics},
  editor={Ketsdever, A D and Muntz, E P},
  publisher={AIP},
  chapter={Rarefied Flow Studies},
  address={New York},
  pages={250--257},
  year={2003}
}

@article{Alexandrov2002,
  title={Численное исследование влияния температурных напряжений на нелинейный эффект термомолекулярной разности давлений},
  author={Александров, ВЮ},
  journal={Изв. РАН. МЖГ},
  number={6},
  year={2002},
  pages={148--161}
}

@article{Alexandrov2008a,
  title={Температурное силовое взаимодействие сферических частиц},
  author={Александров, ВЮ and Ерофеев, АИ and Коган, МН and Фридлендер, ОГ},
  journal={Изв. РАН. МЖГ},
  number={2},
  year={2008},
  pages={183--188}
}

@article{Alexandrov2008b,
  title={Медленные течения газа и эффект отрицательного сопротивления сильно нагретой сферической частицы},
  author={Александров, ВЮ and Фридлендер, ОГ},
  journal={Изв. РАН. МЖГ},
  number={3},
  year={2008},
  pages={168--177}
}

@article{Alexandrov2011,
  title={Сопротивление сильно нагретой сферы при малых числах Рейнольдса},
  author={Александров, ВЮ},
  journal={Изв. РАН. МЖГ},
  number={5},
  year={2011},
  pages={142--156}
}

%%%%%%%%%%%%%%%%
%%% OpenFOAM %%%
%%%%%%%%%%%%%%%%

@ARTICLE{Tabor1998,
  author = {Weller, Henry G and Tabor, G and Jasak, Hrvoje and Fureby, C},
  title = {A tensorial approach to computational continuum mechanics using object-oriented
	techniques},
  journal = {Computers in physics},
  year = {1998},
  volume = {12},
  pages = {620}
}

@article{Rogozin2014,
  title={Computer simulation of slightly rarefied gas flows driven by significant temperature variations and their continuum limit},
  author={Rogozin, OA},
  journal={Theoretical and Computational Fluid Dynamics},
  volume={28},
  number={6},
  pages={573--587},
  year={2014},
  publisher={Springer}
}

%%%%%%%%%%%%%%%%%
%%%   Other   %%%
%%%%%%%%%%%%%%%%%


@book{Chapman1960,
  title={Математическая теория неоднородных газов},
  author={Чепмен, С and Каулинг, Т},
  location={М.},
  publisher={ИЛ},
  year={1960}
}
