@article{weinan2017deep,
  title={Deep learning-based numerical methods for high-dimensional parabolic partial differential equations and backward stochastic differential equations},
  author={Weinan, E and Han, Jiequn and Jentzen, Arnulf},
  journal={Communications in Mathematics and Statistics},
  volume={5},
  number={4},
  pages={349--380},
  year={2017},
  publisher={Springer}
}

@article{sirignano2018dgm,
  title={DGM: A deep learning algorithm for solving partial differential equations},
  author={Sirignano, Justin and Spiliopoulos, Konstantinos},
  journal={Journal of computational physics},
  volume={375},
  pages={1339--1364},
  year={2018},
  publisher={Elsevier}
}

@article{boelens2020tensor,
  title={Tensor methods for the Boltzmann-BGK equation},
  author={Boelens, Arnout MP and Venturi, Daniele and Tartakovsky, Daniel M},
  journal={Journal of Computational Physics},
  volume={421},
  pages={109744},
  year={2020},
  publisher={Elsevier}
}

@article{lou2020physics,
  title={Physics-informed neural networks for solving forward and inverse flow problems via the Boltzmann-BGK formulation},
  author={Lou, Qin and Meng, Xuhui and Karniadakis, George Em},
  journal={arXiv preprint arXiv:2010.09147},
  year={2020}
}

@article{wu2015influence,
  title={Influence of intermolecular potentials on rarefied gas flows: Fast spectral solutions of the Boltzmann equation},
  author={Wu, Lei and Liu, Haihu and Zhang, Yonghao and Reese, Jason M},
  journal={Physics of Fluids},
  volume={27},
  number={8},
  pages={082002},
  year={2015},
  publisher={AIP Publishing LLC}
}
