@misc{dendrites,
    note={\href{https://www.phase-trans.msm.cam.ac.uk/dendrites.html}{https://www.phase-trans.msm.cam.ac.uk/dendrites.html}}
}

@article{landau1950theory,
  title={On the theory of superconductivity},
  author={Landau, Lev Davidovich and Ginzburg, VL},
  journal={Zh. Eksp. Teor. Fiz.},
  volume={20},
  pages={1064},
  year={1950}
}

@article{kurz1989fundamentals,
  title={Fundamentals of solidification},
  author={Kurz, Wilfried and Fisher, David J},
  year={1989},
  publisher={Trans Tech Publ}
}

@incollection{worster2000solidification,
  author      = "Worster, Michael Grae",
  title       = "Solidification of fluids",
  editor      = "Batchelor, G K and Moffatt, H K and Worster, Michael Grae ",
  booktitle   = "Perspectives in fluid dynamics",
  publisher   = "Cambridge University Press.",
  address     = "Cambridge",
  year        = 2000,
  pages       = "393--446",
  chapter     = 8,
}

@article{kobayashi1993modeling,
  title={Modeling and numerical simulations of dendritic crystal growth},
  author={Kobayashi, Ryo},
  journal={Physica D: Nonlinear Phenomena},
  volume={63},
  number={3-4},
  pages={410--423},
  year={1993},
  publisher={Elsevier}
}

@article{caginalp1986analysis,
  title={An analysis of a phase field model of a free boundary},
  author={Caginalp, Gunduz},
  journal={Archive for Rational Mechanics and Analysis},
  volume={92},
  number={3},
  pages={205--245},
  year={1986},
  publisher={Springer}
}

@article{mcfadden1993phase,
  title={Phase-field models for anisotropic interfaces},
  author={McFadden, GB and Wheeler, AA and Braun, RJ and Coriell, SR and Sekerka, RF},
  journal={Physical Review E},
  volume={48},
  number={3},
  pages={2016},
  year={1993},
  publisher={APS}
}

@article{karma1993fluctuations,
  title={Fluctuations in solidification},
  author={Karma, Alain},
  journal={Physical Review E},
  volume={48},
  number={5},
  pages={3441},
  year={1993},
  publisher={APS}
}

@article{yokoyama1990pattern,
  title={Pattern formation in growth of snow crystals occurring in the surface kinetic process and the diffusion process},
  author={Yokoyama, Etsuro and Kuroda, Toshio},
  journal={Physical Review A},
  volume={41},
  number={4},
  pages={2038},
  year={1990},
  publisher={APS}
}

@article{demange2017phase,
  title={A phase field model for snow crystal growth in three dimensions},
  author={Demange, Gilles and Zapolsky, Helena and Patte, Renaud and Brunel, Marc},
  journal={npj Computational Materials},
  volume={3},
  number={1},
  pages={1--7},
  year={2017},
  publisher={Nature Publishing Group}
}

