% This file was created with JabRef 2.5.
% Encoding: UTF-8

@ARTICLE{Boris1973,
  author = {J. Boris and D. Book},
  title = {Flux-corrected transport. \mbox{I. SHASTA}, a fluid transport algorithm
	that works},
  journal = {Journal of Computational Physics},
  year = {1973},
  volume = {11},
  pages = {38--69},
  number = {1},
  month = {January},
  doi = {10.1016/0021-9991(73)90147-2},
  issn = {00219991},
  keywords = {shasta},
  owner = {rogozin},
  posted-at = {2008-02-26 10:16:40},
  priority = {2},
  timestamp = {2010.08.01},
  url = {http://dx.doi.org/10.1016/0021-9991(73)90147-2}
}

@ARTICLE{Fromm1968,
  author = {J.E. Fromm},
  title = {A method for reducing dispersion in convective difference schemes},
  journal = {Journal of Computational Physics},
  year = {1968},
  volume = {3},
  pages = {176--189},
  number = {2},
  owner = {rogozin},
  timestamp = {2010.08.01}
}

@ARTICLE{Harten1983,
  author = {Amiram Harten},
  title = {High resolution schemes for hyperbolic conservation laws},
  journal = {Journal of Computational Physics},
  year = {1983},
  volume = {49},
  pages = {357--393},
  citeulike-article-id = {3021720},
  owner = {rogozin},
  priority = {3},
  timestamp = {2010.08.01}
}

@INPROCEEDINGS{Kermani2003,
  author = {MJ Kermani and AG Gerber and JM Stockie},
  title = {Thermodynamically based moisture prediction using Roeâ€™s scheme},
  booktitle = {4th Conference of Iranian Aerospace Society, Amir Kabir University
	of Technology, Tehran, Iran},
  year = {2003},
  owner = {rogozin},
  timestamp = {2010.08.02}
}

@ARTICLE{Koren1993,
  author = {B. Koren},
  title = {A robust upwind discretization method for advection, diffusion and
	source terms},
  journal = {Notes on Numerical Fluid Mechanics},
  year = {1993},
  volume = {45},
  pages = {117--137},
  owner = {rogozin},
  timestamp = {2010.08.01}
}

@ARTICLE{Lax1960,
  author = {Peter Lax and Burton Wendroff},
  title = {Systems of Conservation Laws},
  journal = {Communications on Pure and Applied Mathematics},
  year = {1960},
  volume = {13},
  pages = {217--237},
  owner = {rogozin},
  timestamp = {2010.08.01}
}

@ARTICLE{vanLeer2006,
  author = {Bram van Leer},
  title = {Upwind and high-resolution methods for compressible flow: From donor
	cell to residual-distribution schemes},
  journal = {Communications in Computational Physics},
  year = {2006},
  volume = {1},
  pages = {192--206},
  number = {2},
  owner = {rogozin},
  timestamp = {2010.08.02}
}

@ARTICLE{vanLeer1977,
  author = {Bram van Leer},
  title = {Towards the ultimate conservative difference scheme. IV. A new approach
	to numerical convection},
  journal = {Journal of Computational Physics},
  year = {1977},
  volume = {23},
  pages = {276--299},
  number = {3},
  owner = {rogozin},
  timestamp = {2010.08.01}
}

@ARTICLE{vanLeer1974,
  author = {Bram van Leer},
  title = {Towards the ultimate conservative difference scheme. II. Monotonicity
	and conservation combined in a second-order scheme},
  journal = {Journal of Computational Physics},
  year = {1974},
  volume = {14},
  pages = {361--370},
  number = {4},
  owner = {rogozin},
  timestamp = {2010.08.01}
}

@ARTICLE{Roe1986,
  author = {PL Roe},
  title = {Characteristic-based schemes for the Euler equations},
  journal = {Annual review of fluid mechanics},
  year = {1986},
  volume = {18},
  pages = {337--365},
  number = {1},
  owner = {rogozin},
  timestamp = {2010.08.01}
}

@ARTICLE{Roe1985,
  author = {Roe, P.L.},
  title = {Some Contributions to the Modelling of Discontinuous Flows},
  journal = {Large-scale computations in fluid mechanics. Lectures in Applied
	Mathematics},
  year = {1985},
  volume = {22},
  pages = {163--193},
  publisher = {American Mathematical Society}
}

@ARTICLE{Sweby1984,
  author = {Sweby, P. K.},
  title = {High Resolution Schemes Using Flux Limiters for Hyperbolic Conservation
	Laws},
  journal = {SIAM Journal on Numerical Analysis},
  year = {1984},
  volume = {21},
  pages = {995--1011},
  number = {5},
  abstract = {The technique of obtaining high resolution, second order, oscillation
	free (TVD), explicit scalar difference schemes, by the addition of
	a limited antidiffusive flux to a first order scheme is explored
	and bounds derived for such limiters. A class of limiters is presented
	which includes a very compressive limiter due to Roe, and various
	limiters are compared both theoretically and numerically.},
  citeulike-article-id = {1743023},
  citeulike-linkout-0 = {http://www.jstor.org/stable/2156939},
  owner = {rogozin},
  posted-at = {2007-10-08 19:35:37},
  priority = {2},
  timestamp = {2010.08.01},
  url = {http://www.jstor.org/stable/2156939}
}

@INPROCEEDINGS{Warming1975,
  author = {R. F. Warming and R. M. Beam},
  title = {Upwind second-order difference schemes and applications in unsteady
	aerodynamic flows},
  booktitle = {Proc. AIAA 2nd Computational Fluid Dynamics Conf.},
  pages = {17--28},
  year = {1975},
  address = {Hartford, Conn.},
  owner = {rogozin},
  timestamp = {2010.08.01}
}

