% Encoding: UTF-8
%%%%%%%%%%%%%%%%%%%%%%%
%%% Sone and others %%%
%%%%%%%%%%%%%%%%%%%%%%%

@Book{Sone2007,
  title     = {Molecular gas dynamics: theory, techniques, and applications},
  publisher = {Birkh\"{a}user},
  year      = {2007},
  author    = {Sone, Y.},
  address   = {Boston},
}

@Book{Sone2002,
  title     = {Kinetic theory and fluid dynamics},
  publisher = {Birkh\"{a}user},
  year      = {2002},
  author    = {Sone, Yoshio},
  address   = {Boston},
}

@Article{Sone1996,
  author  = {Sone, Yoshio and Aoki, Kazuo and Takata, Shigeru and Sugimoto, Hiroshi and Bobylev, A V},
  title   = {{Inappropriateness of the heat-conduction equation for description of a temperature field of a stationary gas in the continuum limit: Examination by asymptotic analysis and numerical computation of the Boltzmann equation}},
  journal = {Phys. Fluids},
  year    = {1996},
  volume  = {8},
  pages   = {628},
  doi     = {10.1063/1.868846},
}

@InProceedings{Aoki2006,
  author    = {Laneryd, Carl-Johan Tor and Aoki, K and Degond, P and Mieussens, L},
  title     = {Thermal creep of a slightly rarefied gas through a channel with curved boundary},
  booktitle = {Rarefied Gas Dynamics},
  year      = {2007},
  editor    = {Ivanov, M S and Rebrov, A K},
  pages     = {1111-1116},
  address   = {Novosibirsk},
  publisher = {Siberian Branch of the Russian Academy of Sciences},
}

@Article{Aoki2007,
  author  = {Laneryd, Carl-Johan Tor and Aoki, Kazuo and Takata, Shigeru},
  title   = {Slow flows of a vapor-gas mixture with large density and temperature variations in the near-continuum regime},
  journal = {Phys. Fluids},
  year    = {2007},
  volume  = {19},
  pages   = {107104},
  doi     = {10.1063/1.2796213},
}

@Article{Takata2015second,
  author  = {Hattori, Masanari and Takata, Shigeru},
  title   = {{Second-order Knudsen-layer analysis for the generalized slip-flow theory I}},
  journal = {Bull. Inst. Math. Acad. Sinica},
  year    = {2015},
  volume  = {10},
  pages   = {423--448},
}

@Article{Takata2015curvature,
  author    = {Hattori, Masanari and Takata, Shigeru},
  title     = {{Second-order Knudsen-layer analysis for the generalized slip-flow theory II: curvature effects}},
  journal   = {J. Stat. Phys.},
  year      = {2015},
  volume    = {161},
  number    = {4},
  pages     = {1010--1036},
  doi       = {10.1007/s10955-015-1364-0},
  publisher = {Springer},
}

@Misc{Takata2015,
  author       = {Takata, Shigeru and Hattori, Masanari},
  title        = {{Numerical data for the generalized slip-flow theory}},
  howpublished = {\url{http://hdl.handle.net/2433/199811}},
  year         = {2015},
}

@Article{Ohwada1989creep,
  author  = {Ohwada, Taku and Sone, Yoshio and Aoki, Kazuo},
  title   = {{Numerical analysis of the shear and thermal creep flows of a rarefied gas over a plane wall on the basis of the linearized Boltzmann equation for hard-sphere molecules}},
  journal = {Phys. Fluids A},
  year    = {1989},
  volume  = {1},
  number  = {9},
  pages   = {1588--1599},
  doi     = {10.1063/1.857304},
}

@Article{Ohwada1989jump,
  author    = {Sone, Yoshio and Ohwada, Taku and Aoki, Kazuo},
  title     = {{Temperature jump and Knudsen layer in a rarefied gas over a plane wall: Numerical analysis of the linearized Boltzmann equation for hard-sphere molecules}},
  journal   = {Phys. Fluids A},
  year      = {1989},
  volume    = {1},
  number    = {2},
  pages     = {363--370},
  doi       = {10.1063/1.857457},
  publisher = {AIP Publishing},
}

@Article{Ohwada1992,
  author  = {Ohwada, Taku and Sone, Yoshio},
  title   = {{Analysis of thermal stress slip flow and negative thermophoresis using the Boltzmann equation for hard-sphere molecules}},
  journal = {Eur. J. Mech. B/Fluids},
  year    = {1992},
  volume  = {11},
  pages   = {389--414},
}

@Article{Sone1970,
  author    = {Sone, Yoshio and Yamamoto, Kyoji},
  title     = {Flow of rarefied gas over plane wall},
  journal   = {J. Phys. Soc. Japan},
  year      = {1970},
  volume    = {29},
  number    = {2},
  pages     = {495--508},
  doi       = {10.1143/JPSJ.29.495},
  publisher = {The Physical Society of Japan},
}

@Article{Sone1998,
  author    = {Aoki, K and Sone, Y and Waniguchi, Y},
  title     = {A rarefied gas flow induced by a temperature field: Numerical analysis of the flow between two coaxial elliptic cylinders with different uniform temperatures},
  journal   = {Comput. Math. Appl.},
  year      = {1998},
  volume    = {35},
  number    = {1},
  pages     = {15--28},
  doi       = {10.1016/S0898-1221(97)00255-1},
  publisher = {Elsevier},
}


%%%%%%%%%%%%%%%%%%%%%%%%%
%%% Projection method %%%
%%%%%%%%%%%%%%%%%%%%%%%%%

@Article{Tcheremissine1997,
  author  = {Cheremisin, F G},
  title   = {{Conservative method of calculating the Boltzmann collision integral}},
  journal = {Phys. Dokl.},
  year    = {1997},
  volume  = {43},
  pages   = {607--610},
}

@Article{Tcheremissine2000,
  author  = {Cheremisin, F G},
  title   = {{Solving the Boltzmann equation in the case of passing to the hydrodynamic flow regime}},
  journal = {Dokl. Phys.},
  year    = {2000},
  volume  = {45},
  number  = {8},
  pages   = {401--404},
  doi     = {10.1134/1.1310733},
}

@Article{Tcheremissine2006,
  author    = {Tcheremissine, F G},
  title     = {{Solution to the Boltzmann kinetic equation for high-speed flows}},
  journal   = {Comp. Math. Math. Phys.},
  year      = {2006},
  volume    = {46},
  number    = {2},
  pages     = {315--329},
  doi       = {10.1134/S0965542506020138},
}

@Article{Anikin2012,
  author    = {Anikin, {\relax Yu} A},
  title     = {On the accuracy of the projection computation of the collision integral},
  journal   = {Comp. Math. Math. Phys.},
  year      = {2012},
  volume    = {52},
  number    = {4},
  pages     = {697--719},
  doi       = {10.1134/S0965542512040021},
}

@Article{Dodulad2012,
  author  = {Dodulad, Oleg I and Tcheremissine, Felix G},
  title   = {{Multipoint conservative projection method for computing the Boltzmann collision integral for gas mixtures}},
  journal = {AIP Conf. Proc.},
  year    = {2012},
  volume  = {1501},
  pages   = {302--309},
  doi     = {10.1063/1.4769529},
}

@Article{Dodulad2013,
  author    = {Dodulad, O I and Tcheremissine, F G},
  title     = {Computation of a shock wave structure in monatomic gas with accuracy control},
  journal   = {Comp. Math. Math. Phys.},
  year      = {2013},
  volume    = {53},
  number    = {6},
  pages     = {827--844},
  doi       = {10.1134/S0965542513060055},
}

@Article{Dodulad2015,
  author    = {Anikin, {\relax Yu}ry A and Dodulad, Oleg I and Kloss, {\relax Yu}ry {\relax Yu} and Tcheremissine, Felix G},
  title     = {{Method of calculating the collision integral and solution of the Boltzmann kinetic equation for simple gases, gas mixtures and gases with rotational degrees of freedom}},
  journal   = {Int. J. Comput. Math.},
  year      = {2015},
  volume    = {92},
  number    = {9},
  pages     = {1775-1789},
  doi       = {10.1080/00207160.2014.909033},
}

@Article{Rogozin2016,
  author  = {Rogozin, Oleg},
  title   = {{Numerical analysis of the nonlinear plane Couette-flow problem of a rarefied gas for hard-sphere molecules}},
  journal = {Eur. J. Mech. B/Fluids},
  year    = {2016},
  volume  = {60},
  pages   = {148--163},
  doi     = {10.1016/j.euromechflu.2016.06.011},
}

@Article{Popov2001,
  author    = {Popov, S P and Cheremisin, F G},
  title     = {Example of simultaneous numerical solution of the Boltzmann and Navier-Stokes equations},
  journal   = {Comp. Math. Math. Phys.},
  year      = {2001},
  volume    = {41},
  number    = {3},
  pages     = {457--468},
}

@Article{Kloss2010,
  author  = {Anikin, {\relax Yu} A and Derbakova, E P and Dodulad, O I and Kloss, {\relax Yu} {\relax Yu} and Martynov, D V and Rogozin, O A and Shuvalov, P V and Tcheremissine, F G},
  title   = {{Computing of gas flows in micro- and nanoscale channels on the base of the Boltzmann kinetic equation}},
  journal = {Procedia Comput. Sci.},
  year    = {2010},
  volume  = {1},
  number  = {1},
  pages   = {735--744},
  doi     = {10.1016/j.procs.2010.04.079},
}

@Article{Kloss2012,
  author    = {Anikin, {\relax Yu} A and Dodulad, OI and Kloss, {\relax Yu} {\relax Yu} and Martynov, DV and Shuvalov, PV and Tcheremissine, FG},
  title     = {Development of applied software for analysis of gas flows in vacuum devices},
  journal   = {Vacuum},
  year      = {2012},
  volume    = {86},
  number    = {11},
  pages     = {1770--1777},
  doi       = {10.1016/j.vacuum.2012.02.024},
}

@Article{Korobov1959,
  author  = {Korobov, N M},
  title   = {The approximate computation of multiple integrals},
  journal = {Dokl. Akad. Nauk SSSR},
  year    = {1959},
  volume  = {124},
  number  = {6},
  pages   = {1207--1210},
}

@Book{Sloan1994,
  title     = {Lattice methods for multiple integration},
  publisher = {Oxford University Press},
  year      = {1994},
  author    = {Sloan, Ian H and Joe, Stephen},
}

%%%%%%%%%%%%%%%%%%%%%%%%%%%%%%%%
%%% Soviet and Russian works %%%
%%%%%%%%%%%%%%%%%%%%%%%%%%%%%%%%

@Article{Kogan1970,
  author  = {Galkin, V S and Kogan, M N and Fridlender, O G},
  title   = {Some kinetic effects in continuum flows},
  journal = {Fluid Dyn.},
  year    = {1970},
  volume  = {5},
  number  = {3},
  pages   = {364--371},
  doi     = {10.1007/BF01019269},
}

@Article{Kogan1971,
  author  = {Galkin, V S and Kogan, M N and Fridlender, O G},
  title   = {Free convection in a gas in the absence of external forces},
  journal = {Fluid Dyn.},
  year    = {1971},
  volume  = {6},
  number  = {3},
  pages   = {448--457},
  doi     = {10.1007/BF01013999},
}

@Article{Kogan1972mix,
  author  = {Galkin, V S and Kogan, M N and Fridlender, O G},
  title   = {Concentration-stress convection and the properties of slow flows of mixtures of gases},
  journal = {Fluid Dyn.},
  year    = {1972},
  volume  = {7},
  number  = {2},
  pages   = {113--118},
  doi     = {10.1007/BF01186472},
}

@Article{Kogan1972,
  author  = {Galkin, V S and Kogan, M N and Fridlender, O G},
  title   = {Flow past a strongly heated sphere by a gas with low Reynolds numbers},
  journal = {J. Appl. Math. Mech.},
  year    = {1972},
  volume  = {36},
  number  = {5},
  pages   = {829--833},
  doi     = {10.1016/0021-8928(72)90136-0},
}

@Article{Friedlander1974,
  author  = {Galkin, V S and Fridlender, O G},
  title   = {On forces due to barnett stresses acting on bodies in a gas},
  journal = {J. Appl. Math. Mech.},
  year    = {1974},
  volume  = {38},
  number  = {2},
  pages   = {244--257},
  doi     = {10.1016/0021-8928(74)90064-1},
}

@Article{Galkin1974,
  author  = {Galkin, V S},
  title   = {Derivation of the equations of slow gas mixture flows from the Boltzmann equations},
  journal = {Uch. Zap. TsAGI},
  year    = {1974},
  volume  = {5},
  number  = {4},
  pages   = {40--47},
  note    = {in russian},
}

@Article{Kogan1976,
  author  = {Kogan, M N and Galkin, V S and Fridlender, O G},
  title   = {Stresses produced in gases by temperature and concentration inhomogeneities. New types of free convection},
  journal = {Phys. Usp.},
  year    = {1976},
  volume  = {19},
  number  = {5},
  pages   = {420--428},
  doi     = {10.1070/PU1976v019n05ABEH005261},
}

@Article{Friedlander1978,
  author  = {Zhbakova, A V and Fridlender, O G},
  title   = {Heat transfer in slow gas flows},
  journal = {Uch. Zap. TsAGI},
  year    = {1978},
  volume  = {9},
  number  = {5},
  pages   = {125--128},
  note    = {in russian},
}

@Article{Galkin1979,
  author  = {Galkin, V S and Kogan, M N},
  title   = {Derivation of the equations of slow nonisothermal gas flows},
  journal = {Fluid Dyn.},
  year    = {1979},
  volume  = {14},
  number  = {6},
  pages   = {873--880},
  doi     = {10.1007/BF01051990},
}

@Article{Kogan1992,
  author    = {Kogan, M N},
  title     = {Kinetic theory in aerothermodynamics},
  journal   = {Prog. Aerosp. Sci.},
  year      = {1992},
  volume    = {29},
  number    = {4},
  pages     = {271--354},
  doi       = {10.1016/j.vacuum.2012.02.024},
}

@Article{Bobylev1995,
  author    = {Bobylev, A V},
  title     = {{Quasistationary hydrodynamics for the Boltzmann equation}},
  journal   = {J. Stat. Phys.},
  year      = {1995},
  volume    = {80},
  number    = {5-6},
  pages     = {1063--1083},
  doi       = {10.1007/BF02179864},
}

@InCollection{Friedlander1997,
  author    = {Alexandrov, V and Boris, A and Friedlander, O and Kogan, M and Nikolsky, {\relax Yu} and Perminov, V},
  title     = {Thermal stress effect and its experimental detection},
  booktitle = {Rarefied Gas Dynamics},
  publisher = {Peking University Press},
  year      = {1997},
  editor    = {Ching Shen},
  chapter   = {Rarefied Flow Studies},
  pages     = {79--84},
  address   = {Beijing, China},
}

@InCollection{Friedlander2003,
  author    = {Alexandrov, Victor {\relax Yu} and Friedlander, Oscar G and Nikolsky, {\relax Yu}rii V},
  title     = {Numerical and experimental investigations of thermal stress effect on nonlinear thermomolecular pressure difference},
  booktitle = {Rarefied Gas Dynamics},
  publisher = {AIP},
  year      = {2003},
  editor    = {Ketsdever, A D and Muntz, E P},
  chapter   = {Rarefied Flow Studies},
  pages     = {250--257},
  address   = {New York},
}

@Article{Alexandrov2002,
  author  = {Aleksandrov, V {\relax Yu}},
  title   = {Numerical analysis of the influence of thermal stresses on the nonlinear thermomolecular pressure difference effect},
  journal = {Fluid Dyn.},
  year    = {2002},
  volume  = {37},
  number  = {6},
  pages   = {983--995},
  doi     = {10.1023/A:1022316817066},
}

@Article{Alexandrov2008a,
  author  = {Aleksandrov, V {\relax Yu} and Erofeev, A I and Kogan, M N and Friedlander, O G},
  title   = {Temperature force of interaction between spherical particles},
  journal = {Fluid Dyn.},
  year    = {2008},
  volume  = {43},
  number  = {2},
  pages   = {327--331},
  doi     = {10.1134/S001546280802018X},
}

@Article{Alexandrov2008b,
  author  = {Aleksandrov, V {\relax Yu} and Fridlender, O G},
  title   = {Slow gas motions and the negative drag of a strongly heated spherical particle},
  journal = {Fluid Dyn.},
  year    = {2008},
  volume  = {43},
  number  = {3},
  pages   = {485--492},
  doi     = {10.1134/S0015462808030162},
}

@Article{Rykov2008,
  author    = {Larina, I N and Rykov, V A},
  title     = {Kinetic model of the Boltzmann equation with limiting gas flow regimes at low Knudsen numbers},
  journal   = {Comput. Math. Math. Phys.},
  year      = {2008},
  volume    = {48},
  number    = {7},
  pages     = {1221--1233},
  doi       = {10.1134/S0965542510120134},
}

@Article{Alexandrov2011,
  author  = {Aleksandrov, V {\relax Yu}},
  title   = {{Drag of a strongly heated sphere at small Reynolds numbers}},
  journal = {Fluid Dyn.},
  year    = {2011},
  volume  = {46},
  number  = {5},
  pages   = {794--808},
  doi     = {10.1134/S0015462811050139},
}

@Article{Galkin2015,
  author  = {Galkin, V S and Rusakov, S V},
  title   = {The gas dynamics equations of slow flows of polyatomic gas mixtures, non-uniform in temperature and concentrations},
  journal = {J. Appl. Math. Mech.},
  year    = {2015},
  volume  = {79},
  number  = {2},
  pages   = {148--158},
  doi     = {10.1016/j.jappmathmech.2015.07.005},
}

%%%%%%%%%%%%%%%%%%%%%
%%%  Mathematics  %%%
%%%%%%%%%%%%%%%%%%%%%

@Article{Maslova1982,
  author    = {Maslova, Nina Borisovna},
  title     = {{Kramers problem in the kinetic theory of gases}},
  journal   = {USSR Comp. Math. Math. Phys.},
  year      = {1982},
  volume    = {22},
  number    = {3},
  pages     = {208--219},
  doi       = {10.1016/0041-5553(82)90141-0},
}

@Article{Bardos1986,
  author    = {Bardos, Claude and Caflisch, Russel E and Nicolaenko, Basil},
  title     = {{The Milne and Kramers problems for the Boltzmann equation of a hard sphere gas}},
  journal   = {Comm. Pure Appl. Math.},
  year      = {1986},
  volume    = {39},
  number    = {3},
  pages     = {323--352},
  doi       = {10.1002/cpa.3160390304},
}

@Article{Levermore2012,
  author    = {Levermore, C David and Sun, Weiran and Trivisa, Konstantina},
  title     = {{A low Mach number limit of a dispersive Navier--Stokes system}},
  journal   = {SIAM J. Math. Anal.},
  year      = {2012},
  volume    = {44},
  number    = {3},
  pages     = {1760--1807},
  doi       = {10.1137/100818765},
}

@Article{Tan2016,
  author    = {Tan, Wenke},
  title     = {{Blow up criterion for the 3D ghost effect system}},
  journal   = {Nonlinear Anal. Real},
  year      = {2016},
  volume    = {29},
  pages     = {58--67},
  doi       = {10.1016/j.nonrwa.2015.10.008},
}

%%%%%%%%%%%%%%%%
%%% OpenFOAM %%%
%%%%%%%%%%%%%%%%

@Article{Tabor1998,
  author  = {Weller, Henry G and Tabor, G and Jasak, Hrvoje and Fureby, C},
  title   = {A tensorial approach to computational continuum mechanics using object-oriented techniques},
  journal = {Comput. Phys.},
  year    = {1998},
  volume  = {12},
  pages   = {620},
  doi     = {10.1063/1.168744},
}

@Article{Rogozin2014,
  author    = {Rogozin, O A},
  title     = {Computer simulation of slightly rarefied gas flows driven by significant temperature variations and their continuum limit},
  journal   = {Theor. Comput. Fluid Dyn.},
  year      = {2014},
  volume    = {28},
  number    = {6},
  pages     = {573--587},
  doi       = {10.1007/s00162-014-0334-5},
}

%%%%%%%%%%%%%%%%%
%%%   Other   %%%
%%%%%%%%%%%%%%%%%

@Book{Chapman1970,
  title     = {The mathematical theory of non-uniform gases: an account of the kinetic theory of viscosity, thermal conduction and diffusion in gases},
  publisher = {Cambridge University Press},
  year      = {1960},
  author    = {Chapman, Sydney and Cowling, Thomas George},
  address   = {Cambridge},
}

@Article{Burnett1935,
  author    = {Burnett, D},
  title     = {The distribution of velocities in a slightly non-uniform gas},
  journal   = {P. London Math. Soc.},
  year      = {1935},
  volume    = {2},
  number    = {1},
  pages     = {385--430},
  doi       = {10.1112/plms/s2-39.1.385},
  publisher = {Oxford University Press},
}

@Article{Wu2015,
  author    = {Wu, Lei and Zhang, Jun and Reese, Jason M and Zhang, Yonghao},
  title     = {A fast spectral method for the Boltzmann equation for monatomic gas mixtures},
  journal   = {J. Comput. Phys.},
  year      = {2015},
  volume    = {298},
  pages     = {602--621},
  doi       = {10.1016/j.jcp.2015.06.019},
  publisher = {Elsevier},
}

@Article{gmsh2009,
  author    = {Geuzaine, Christophe and Remacle, Jean-Fran{\c{c}}ois},
  title     = {Gmsh: A 3-{D} finite element mesh generator with built-in pre- and post-processing facilities},
  journal   = {Int. J. Numer. Meth. Eng.},
  year      = {2009},
  volume    = {79},
  number    = {11},
  pages     = {1309--1331},
  doi       = {10.1002/nme.2579},
  publisher = {Wiley Online Library},
}

@Article{Welander1954,
  author  = {Welander, P},
  title   = {On the temperature jump in a rarefied gas},
  journal = {Ark. Fys.},
  year    = {1954},
  volume  = {7},
  pages   = {507-553},
}

@Article{Krook1954,
  author    = {Bhatnagar, P L and Gross, E P and Krook, M},
  title     = {A model for collision processes in gases. I. Small amplitude processes in charged and neutral one-component systems},
  journal   = {Phys. Rev.},
  year      = {1954},
  volume    = {94},
  pages     = {511--525},
  doi       = {10.1103/PhysRev.94.511},
  publisher = {American Physical Society},
}

@Article{Dimarco2014,
  author    = {Dimarco, Giacomo and Pareschi, Lorenzo},
  title     = {Numerical methods for kinetic equations},
  journal   = {Acta Numer.},
  year      = {2014},
  volume    = {23},
  pages     = {369--520},
  doi       = {10.1017/S0962492914000063},
  publisher = {Cambridge Univ Press},
}

@Article{Mieussens2014,
  author  = {Mieussens, Luc},
  title   = {A survey of deterministic solvers for rarefied flows},
  journal = {AIP Conf. Proc.},
  year    = {2014},
  volume  = {1628},
  pages   = {943--951},
  doi     = {10.1063/1.4902695},
}

@Comment{jabref-meta: databaseType:bibtex;}
