% This file was created with JabRef 2.6.
% Encoding: UTF-8

@BOOK{landau2002,
  title = {Physical Kinetics},
  publisher = {Fizmatlit, Moskva},
  year = {2002},
  author = {Lifshits, EM and Pitaevsky, LP}
}

@ARTICLE{ohwada1989a,
  author = {Taku Ohwada and Yoshio Sone and Kazuo Aoki},
  title = {Numerical analysis of the shear and thermal creep flows of a rarefied
	gas over a plane wall on the basis of the linearized Boltzmann equation
	for hard-sphere molecules},
  journal = {Physics of Fluids A: Fluid Dynamics},
  year = {1989},
  volume = {1},
  pages = {1588-1599},
  number = {9},
  month = {5},
  doi = {10.1063/1.857304},
  keywords = {NUMERICAL ANALYSIS; RAREFIED GASES; WALLS; PLANAR CONFIGURATION; TEMPERATURE
	GRADIENTS; BOLTZMANN EQUATION; HARDSPHERE MODEL; MOLECULES; SHEAR
	FLOW; BOUNDARY CONDITIONS; VELOCITY; SLIP; KNUDSEN FLOW; CORRELATIONS},
  publisher = {AIP},
  url = {http://link.aip.org/link/?PFA/1/1588/1}
}

@ARTICLE{pekeris1957,
  author = {Pekeris, C.L. and Alterman, Z.},
  title = {Solution of the Boltzmann-Hilbert integral equation II. The coefficients
	of viscosity and heat conduction},
  journal = {Proceedings of the National Academy of Sciences of the United States
	of America},
  year = {1957},
  volume = {43},
  pages = {998--1007},
  number = {11},
  publisher = {National Academy of Sciences}
}

@BOOK{sone2007,
  title = {Molecular gas dynamics: theory, techniques, and applications},
  publisher = {Birkhauser},
  year = {2007},
  author = {Sone, Y.},
  isbn = {0817643451}
}

