% This file was created with JabRef 2.6.
% Encoding: UTF-8

@ARTICLE{Albertoni1963,
  author = {Sergio Albertoni and Carlo Cercignani and Laura Gotusso},
  title = {Numerical Evaluation of the Slip Coefficient},
  journal = {Physics of Fluids},
  year = {1963},
  volume = {6},
  pages = {993--996},
  number = {7},
  doi = {10.1063/1.1706857},
  publisher = {AIP},
  url = {http://link.aip.org/link/?PFL/6/993/1}
}

@INCOLLECTION{Aristov2009,
  author = {Aristov, V. V. and Frolova, A. A. and Zabelok, S. A. and Kolobov,
	V. I. and Arslanbekov, R. R.},
  title = {Unified Flow Solver Combining Boltzmann and Continuum Models for
	Simulations of Gas Flows for the Entire Range of Knudsen Numbers},
  booktitle = {Computational Fluid Dynamics 2006},
  publisher = {Springer Berlin Heidelberg},
  year = {2009},
  editor = {Deconinck, Herman and Dick, E.},
  pages = {719--724},
  affiliation = {Dorodnicyn Computing Center of the Russian Academy of Sciences Vavilova
	str. – 40 119991 Moscow Russia},
  doi = {10.1007/978-3-540-92779-2_113},
  isbn = {978-3-540-92779-2},
  keyword = {Engineering}
}

@ARTICLE{Bhatnagar1954,
  author = {Bhatnagar, P. L. and Gross, E. P. and Krook, M. },
  title = {A Model for Collision Processes in Gases. I. Small Amplitude Processes
	in Charged and Neutral One-Component Systems},
  journal = {Phys. Rev.},
  year = {1954},
  volume = {94},
  pages = {511--525},
  doi = {10.1103/PhysRev.94.511},
  numpages = {14},
  publisher = {American Physical Society}
}

@ARTICLE{Cercignani1965,
  author = {Carlo Cercignani},
  title = {Plane Poiseuille flow according to the method of elementary solutions},
  journal = {Journal of Mathematical Analysis and Applications},
  year = {1965},
  volume = {12},
  pages = {254--262},
  number = {2},
  doi = {10.1016/0022-247X(65)90037-5},
  issn = {0022-247X},
  url = {http://www.sciencedirect.com/science/article/B6WK2-4CRJ2S5-1BY/2/d43fe8f7452902c892edc50725812fa8}
}

@ARTICLE{Cercignani1963,
  author = {Cercignani, Carlo and Daneri, Adelia},
  title = {Flow of a Rarefied Gas between Two Parallel Plates},
  journal = {Journal of Applied Physics},
  year = {1963},
  volume = {34},
  pages = {3509--3513},
  number = {12},
  month = dec,
  doi = {10.1063/1.1729249},
  issn = {0021-8979}
}

@ARTICLE{Cercignani2010,
  author = {Carlo Cercignani and Silvia Lorenzani},
  title = {Variational derivation of second-order slip coefficients on the basis
	of the Boltzmann equation for hard-sphere molecules},
  journal = {Physics of Fluids},
  year = {2010},
  volume = {22},
  pages = {062004},
  number = {6},
  eid = {062004},
  doi = {10.1063/1.3435343},
  keywords = {Boltzmann equation; flow simulation; Knudsen flow; microchannel flow;
	Poiseuille flow},
  numpages = {8},
  publisher = {AIP},
  url = {http://link.aip.org/link/?PHF/22/062004/1}
}

@ARTICLE{Cercignani1966,
  author = {Cercignani, C. and Tironi, G.},
  title = {Some applications of a linearized kinetic model with correct Prandtl
	number},
  journal = {Il Nuovo Cimento B (1965-1970)},
  year = {1966},
  volume = {43},
  pages = {64--78},
  affiliation = {Applicazioni e Ricerche Scientifiche, S.p.A. Milano},
  doi = {10.1007/BF02712418},
  issn = {0369-3554},
  issue = {1},
  publisher = {Italian Physical Society},
  url = {http://dx.doi.org/10.1007/BF02712418}
}

@BOOK{Chapman1991,
  title = {The Mathematical Theory of Non-uniform Gases},
  publisher = {Cambridge University Press},
  year = {1991},
  author = {Sydney Chapman and T. G. Cowling},
  edition = {3},
  month = {1},
  isbn = {9780521408448},
  totalpages = {448}
}

@ARTICLE{Ewart2007,
  author = {Ewart,Timotée and Perrier,Pierre and Graur,Irina A. and Méolans,J.Gilbert},
  title = {Mass flow rate measurements in a microchannel, from hydrodynamic
	to near free molecular regimes},
  journal = {Journal of Fluid Mechanics},
  year = {2007},
  volume = {584},
  pages = {337-356},
  number = {-1},
  doi = {10.1017/S0022112007006374},
  eprint = {http://journals.cambridge.org/article_S0022112007006374},
  url = {http://journals.cambridge.org/action/displayAbstract?fromPage=online&aid=1230304&fulltextType=RA&fileId=S0022112007006374}
}

@ARTICLE{Fan2001,
  author = {Jing Fan and Ching Shen},
  title = {Statistical Simulation of Low-Speed Rarefied Gas Flows},
  journal = {Journal of Computational Physics},
  year = {2001},
  volume = {167},
  pages = {393--412},
  number = {2},
  doi = {10.1006/jcph.2000.6681},
  issn = {0021-9991},
  url = {http://www.sciencedirect.com/science/article/B6WHY-45RFJ7F-5/2/a86eea2509474c3e1974bd12a5a24913}
}

@ARTICLE{Holway1966,
  author = {Holway Jr, L.H.},
  title = {New Statistical Models for Kinetic Theory: Methods of Construction},
  journal = {Physics of Fluids},
  year = {1966},
  volume = {9},
  pages = {1658--1673},
  number = {9},
  doi = {10.1063/1.1761920},
  publisher = {AIP},
  url = {http://link.aip.org/link/?PFL/9/1658/1}
}

@PHDTHESIS{Holway1963,
  author = {Holway Jr, L.H.},
  title = {Approximation Procedures for Kinetic Theory},
  school = {Harvard},
  year = {1963}
}

@ARTICLE{Kestin1984,
  author = {Kestin, J. and Knierim, K. and Mason, EA and Najafi, B. and Ro, ST
	and Waldman, M.},
  title = {Equilibrium and transport properties of the noble gases and their
	mixtures at low density},
  journal = {J. Phys. Chem. Ref. Data},
  year = {1984},
  volume = {13},
  pages = {229--303},
  number = {1}
}

@ARTICLE{Maxwell1879,
  author = {Maxwell, J. Clerk},
  title = {On Stresses in Rarified Gases Arising from Inequalities of Temperature},
  journal = {Philosophical Transactions of the Royal Society of London},
  year = {1879},
  volume = {170},
  pages = {231--256},
  copyright = {Copyright © 1879 The Royal Society},
  issn = {02610523},
  jstor_formatteddate = {1879},
  language = {English},
  publisher = {The Royal Society},
  url = {http://www.jstor.org/stable/109283}
}

@ARTICLE{Ohwada1989a,
  author = {Taku Ohwada and Yoshio Sone and Kazuo Aoki},
  title = {Numerical analysis of the shear and thermal creep flows of a rarefied
	gas over a plane wall on the basis of the linearized Boltzmann equation
	for hard-sphere molecules},
  journal = {Physics of Fluids A: Fluid Dynamics},
  year = {1989},
  volume = {1},
  pages = {1588-1599},
  number = {9},
  month = {5},
  doi = {10.1063/1.857304},
  keywords = {NUMERICAL ANALYSIS; RAREFIED GASES; WALLS; PLANAR CONFIGURATION; TEMPERATURE
	GRADIENTS; BOLTZMANN EQUATION; HARDSPHERE MODEL; MOLECULES; SHEAR
	FLOW; BOUNDARY CONDITIONS; VELOCITY; SLIP; KNUDSEN FLOW; CORRELATIONS},
  publisher = {AIP},
  url = {http://link.aip.org/link/?PFA/1/1588/1}
}

@ARTICLE{Ohwada1989b,
  author = {Taku Ohwada and Yoshio Sone and Kazuo Aoki},
  title = {Numerical analysis of the Poiseuille and thermal transpiration flows
	between two parallel plates on the basis of the Boltzmann equation
	for hard-sphere molecules},
  journal = {Physics of Fluids A: Fluid Dynamics},
  year = {1989},
  volume = {1},
  pages = {2042--2049},
  number = {12},
  month = {8},
  doi = {10.1063/1.857478},
  publisher = {AIP},
  url = {http://link.aip.org/link/?PFA/1/2042/1}
}

@ARTICLE{Pekeris1957,
  author = {Pekeris, C.L. and Alterman, Z.},
  title = {Solution of the Boltzmann-Hilbert integral equation II. The coefficients
	of viscosity and heat conduction},
  journal = {Proceedings of the National Academy of Sciences of the United States
	of America},
  year = {1957},
  volume = {43},
  pages = {998--1007},
  number = {11},
  publisher = {National Academy of Sciences}
}

@ARTICLE{Porodnov1974,
  author = {Porodnov,B. T. and Suetin,P. E. and Borisov,S. F. and Akinshin,V.D.},
  title = {Experimental investigation of rarefied gas flow in different channels},
  journal = {Journal of Fluid Mechanics},
  year = {1974},
  volume = {64},
  pages = {417--438},
  number = {03},
  doi = {10.1017/S0022112074002485},
  eprint = {http://journals.cambridge.org/article_S0022112074002485},
  url = {http://dx.doi.org/10.1017/S0022112074002485}
}

@ARTICLE{Shakhov1968,
  author = {Shakhov, E. M.},
  title = {Generalization of the Krook kinetic relaxation equation},
  journal = {Fluid Dynamics},
  year = {1968},
  volume = {3},
  pages = {95--96},
  affiliation = {Moscow},
  doi = {10.1007/BF01029546},
  issn = {0015-4628},
  issue = {5},
  keyword = {Physics and Astronomy},
  publisher = {MAIK Nauka/Interperiodica distributed exclusively by Springer Science+Business
	Media LLC.},
  url = {http://dx.doi.org/10.1007/BF01029546}
}

@ARTICLE{Sharipov1999,
  author = {Sharipov, F.},
  title = {Non-isothermal gas flow through rectangular microchannels},
  journal = {Journal of Micromechanics and Microengineering},
  year = {1999},
  volume = {9},
  pages = {394},
  doi = {10.1088/0960-1317/9/4/317},
  publisher = {IOP Publishing}
}

@ELECTRONIC{Sone1998,
  author = {Sone, Y. and Itakura, E. and Handa, M.},
  year = {1998},
  title = {SOFTWARE PACKAGES of the Poiseuille flow and the thermal transpiration
	for rarefied gases},
  url = {http://www.mfd.me.kyoto-u.ac.jp/Sone/database-e.html}
}

@ARTICLE{Welander1954,
  author = {Welander, P.},
  title = {On the temperature jump in a rarefied gas},
  journal = {Arkiv Fysik},
  year = {1954},
  volume = {7}
}

