%%%%%%%%%%%%%%%%%%%%%
%%%   Our works   %%%
%%%%%%%%%%%%%%%%%%%%%

@article{Aristov1980,
  title={The conservative splitting method for solving Boltzmann's equation},
  author={Aristov, VV and Cheremisin, FG},
  journal={USSR Comput. Math. Math. Phys.},
  volume={20},
  number={1},
  pages={208--225},
  year={1980},
  doi={10.1016/0041-5553(80)90074-9},
  publisher={Elsevier}
}

@article{Tcheremissine1998,
author = {Tcheremissine, Felix G},
journal = {Comput. Math. with Appl.},
number = {1},
pages = {215--221},
publisher = {Elsevier},
title = {Conservative evaluation of Boltzmann collision integral in discrete ordinates approximation},
doi = {10.1016/s0898-1221(97)00269-1},
volume = {35},
  langid    = {english},
year = {1998}
}

@article{Tcheremissine2006,
author = {Tcheremissine, Felix G},
journal = {Comput. Math. Math. Phys.},
number = {2},
pages = {315--329},
publisher = {Springer},
title = {Solution to the Boltzmann kinetic equation for high-speed flows},
doi = {10.1134/s0965542506020138},
volume = {46},
  langid    = {english},
year = {2006}
}

@article{Anikin2012,
author = {Anikin, Yury A},
doi = {10.1134/S0965542512040021},
journal = {Comput. Math. Math. Phys.},
number = {4},
pages = {615--636},
publisher = {Springer},
title = {On the accuracy of the projection computation of the collision integral},
volume = {52},
  langid    = {english},
year = {2012}
}

@article{Dodulad2012,
author = {Dodulad, Oleg I and Tcheremissine, Felix G},
journal = {AIP Conf. Proc.},
pages = {302--309},
title = {Multipoint conservative projection method for computing the Boltzmann collision integral for gas mixtures},
doi = {10.1063/1.4769529},
volume = {1501},
  langid    = {english},
year = {2012}
}

@article{Dodulad2013,
title={{Computation of a shock wave structure in monatomic gas with accuracy control}},
doi = {10.1134/s0965542513060055},
author={Dodulad, Oleg I and Tcheremissine, Felix G},
journal={Comput. Math. Math. Phys.},
volume={53},
number={6},
pages={827--844},
year={2013},
publisher={Springer}
}

@article{Dodulad2015,
author = {Anikin, Yury A and Dodulad, Oleg I and Kloss, Yury Yu and Tcheremissine, Felix G},
journal = {Int. J. Comput. Math.},
volume = {92},
number = {9},
pages = {1775-1789},
publisher = {Taylor \& Francis},
title = {Method of calculating the collision integral and solution of the Boltzmann kinetic equation for simple gases, gas mixtures and gases with rotational degrees of freedom},
doi = {10.1080/00207160.2014.909033},
  langid    = {english},
year = {2015}
}

@article{Dodulad2014,
title={Knudsen pumps modeling with {Lennard--Jones} and ab initio intermolecular potentials},
doi={10.1016/j.vacuum.2014.06.019},
author={Dodulad, Oleg I and Kloss, Yury Yu and Savichkin, Denis O and Tcheremissine, Felix G},
journal={Vacuum},
volume={109},
pages={360--367},
year={2014},
  langid    = {english},
publisher={Elsevier}
}

@article{Rogozin2016,
  title={Numerical analysis of the nonlinear plane Couette-flow problem of a rarefied gas for hard-sphere molecules},
  author={Rogozin, Oleg},
  journal={Eur. J. Mech. B/Fluids},
  year={2016},
  volume={60},
  pages={148--163},
    langid    = {english},
  doi={10.1016/j.euromechflu.2016.06.011}
}

@Book{Sone2007,
  author    = {Sone, Yoshio},
  title     = {Molecular gas dynamics: theory, techniques, and applications},
  year      = {2007},
  publisher = {Birkh{\"a}user},
  location  = {Boston},
  langid    = {english},
}

%%%%%%%%%%%%%%%%%%%%%%%%%
%%% Numerical methods %%%
%%%%%%%%%%%%%%%%%%%%%%%%%

@Article{Mieussens2014,
  author  = {Mieussens, Luc},
  title   = {A survey of deterministic solvers for rarefied flows},
  journal = {AIP Conf. Proc.},
  year    = {2014},
  volume  = {1628},
  pages   = {943--951},
    langid    = {english},
  doi     = {10.1063/1.4902695},
}

@Article{Dick2013,
  author    = {Dick, Josef and Kuo, Frances Y and Sloan, Ian H},
  title     = {High-dimensional integration: the quasi-Monte Carlo way},
  journal   = {Acta Numer.},
  year      = {2013},
  volume    = {22},
  pages     = {133--288},
  doi       = {10.1017/S0962492913000044},
    langid    = {english},
  publisher = {Cambridge University Press},
}

@Article{Dimarco2014,
  author    = {Dimarco, Giacomo and Pareschi, Lorenzo},
  title     = {Numerical methods for kinetic equations},
  journal   = {Acta Numer.},
  year      = {2014},
  volume    = {23},
  pages     = {369--520},
  doi       = {10.1017/S0962492914000063},
  langid    = {english},
  publisher = {Cambridge Univ Press},
}

@TechReport{Nordsieck1966,
  author      = {Nordsieck, Arnold and Hicks, Bruce L},
  title       = {Monte Carlo evaluation of the Boltzmann collision integral},
  institution = {University of Illinois},
  year        = {1966},
  number      = {R-307},
  location    = {Urbana, Illinois},
  langid      = {english},
}

@Article{Yen1984,
  author  = {Yen, S M},
  title   = {Numerical solution of the nonlinear Boltzmann equation for nonequilibrium gas flow problems},
  journal = {Annu. Rev. Fluid Mech.},
  year    = {1984},
  volume  = {16},
  number  = {1},
  pages   = {67--97},
  doi     = {10.1146/annurev.fl.16.010184.000435},
  langid  = {english},
}

@Article{Bird1963,
  author    = {Bird, Graeme Austin},
  title     = {Approach to translational equilibrium in a rigid sphere gas},
  journal   = {Phys. Fluids},
  year      = {1963},
  volume    = {6},
  number    = {10},
  pages     = {1518--1519},
  doi       = {10.1063/1.1710976},
  langid    = {english},
  publisher = {AIP Publishing},
}

@Article{Bird1981vhs,
  author  = {Bird, G A},
  title   = {Monte-Carlo simulation in an engineering context},
  journal = {Prog. Astronaut. Aeronaut.},
  year    = {1981},
  volume  = {74},
  pages   = {239--255},
  langid  = {english},
}

@Article{Gobbert2007,
  author    = {Gobbert, Matthias K and Webster, Samuel G and Cale, Timothy S},
  title     = {A Galerkin method for the simulation of the transient 2-D/2-D and 3-D/3-D linear Boltzmann equation},
  journal   = {J. Sci. Comput.},
  year      = {2007},
  volume    = {30},
  number    = {2},
  pages     = {237--273},
  doi       = {10.1007/s10915-005-9069-1},
  langid    = {english},
  publisher = {Springer},
}

@TechReport{Fonn2014,
  author      = {Fonn, Eivind and Grohs, Philipp and Hiptmair, Ralf},
  title       = {Polar Spectral Scheme for the Spatially Homogeneous Boltzmann Equation},
  institution = {Seminar for Applied Mathematics, ETH Z{\"u}rich},
  year        = {2014},
  number      = {2014-13},
  url         = {https://www.sam.math.ethz.ch/sam_reports/reports_final/reports2014/2014-13.pdf},
  address     = {Switzerland},
  langid      = {english},
}

@article{Wu2015,
  title={Influence of intermolecular potentials on rarefied gas flows: Fast spectral solutions of the Boltzmann equation},
  author={Wu, Lei and Liu, Haihu and Zhang, Yonghao and Reese, Jason M},
  journal={Phys. Fluids},
  volume={27},
  number={8},
  pages={082002},
  year={2015},
  doi       = {10.1063/1.4929485},
  langid    = {english},
  publisher={AIP Publishing}
}

@Article{Majorana2011,
  author  = {Majorana, Armando},
  title   = {A numerical model of the Boltzmann equation related to the discontinuous Galerkin method},
  journal = {Kinet. Relat. Mod.},
  year    = {2011},
  volume  = {4},
  number  = {1},
  pages   = {139--151},
  doi     = {10.3934/krm.2011.4.139},
  langid  = {english},
}

@article{Alekseenko2014,
  title={Deterministic solution of the spatially homogeneous Boltzmann equation using discontinuous Galerkin discretizations in the velocity space},
  author={Alekseenko, Alexander and Josyula, Eswar},
  journal={J. Comput. Phys.},
  volume={272},
  pages={170--188},
  year={2014},
  doi     = {10.1016/j.jcp.2014.03.031},
  langid  = {english},
  publisher={Elsevier}
}

@article{Kitzler2015,
  title={A high order space--momentum discontinuous Galerkin method for the Boltzmann equation},
  author={Kitzler, Gerhard and Sch{\"o}berl, Joachim},
  journal={Comput. Math. with Appl.},
  volume={70},
  number={7},
  pages={1539--1554},
  year={2015},
  doi     = {10.1016/j.camwa.2015.06.011},
  langid  = {english},
  publisher={Elsevier}
}

@article{Tran2013,
  title={Nonlinear approximation theory for the homogeneous Boltzmann equation},
  author={Tran, Minh-Binh},
  journal={preprint arXiv:1305.1667},
  langid  = {english},
  year={2013}
}

@Article{Goldstein1989,
  author  = {Goldstein, David and Sturtevant, Bradford and Broadwell, James E},
  title   = {Investigations of the motion of discrete-velocity gases},
  journal = {Prog. Astronaut. Aeronaut.},
  year    = {1989},
  volume  = {117},
  pages   = {100--117},
  langid  = {english},
}

@Article{Palczewski1997,
  author    = {Palczewski, Andrzej and Schneider, Jacques and Bobylev, Alexander V},
  title     = {A consistency result for a discrete-velocity model of the Boltzmann equation},
  journal   = {SIAM J. Numer. Anal.},
  year      = {1997},
  volume    = {34},
  number    = {5},
  pages     = {1865--1883},
  doi       = {10.1137/S0036142995289007},
  langid    = {english},
  publisher = {SIAM},
}

@Article{Buet1998,
  author    = {Buet, Christophe and Cordier, Stephane and Degond, Pierre},
  title     = {Regularized Boltzmann operators},
  journal   = {Comput. Math. with Appl.},
  year      = {1998},
  volume    = {35},
  number    = {1-2},
  pages     = {55--74},
  doi       = {10.1016/S0898-1221(97)00258-7},
  langid    = {english},
  publisher = {Elsevier},
}

@Article{Babovsky1998,
  author    = {Babovsky, Hans},
  title     = {Discretization and numerical schemes for steady kinetic model equations},
  journal   = {Comput. Math. with Appl.},
  year      = {1998},
  volume    = {35},
  number    = {1-2},
  pages     = {29--40},
  doi       = {10.1016/S0898-1221(97)00256-3},
  langid    = {english},
  publisher = {Elsevier},
}

@Article{Goersch2002,
  author    = {G{\"o}rsch, Daniel},
  title     = {Generalized discrete velocity models},
  journal   = {Math. Models Methods Appl. Sci.},
  year      = {2002},
  volume    = {12},
  number    = {01},
  pages     = {49--75},
  doi       = {10.1142/S0218202502001544},
  langid    = {english},
  publisher = {World Scientific},
}

@article{Beylich2000,
  title={Solving the kinetic equation for all Knudsen numbers},
  author={Beylich, Alfred E},
  journal={Phys. Fluids},
  volume={12},
  number={2},
  pages={444--465},
  year={2000},
  doi       = {10.1063/1.870322},
  langid    = {english},
  publisher={AIP}
}

@Article{Varghese2007,
  title={Arbitrary post-collision velocities in a discrete velocity scheme for the Boltzmann equation},
  author={Varghese, Philipp L},
  journal={AIP Conf. Proc.},
  pages={225--232},
  langid    = {english},
  year={2007}
}

@article{Jin1999,
  title={Efficient asymptotic-preserving (AP) schemes for some multiscale kinetic equations},
  author={Jin, Shi},
  journal={SIAM J. Sci. Comput.},
  volume={21},
  number={2},
  pages={441--454},
  year={1999},
  doi       = {10.1137/S1064827598334599},
  langid    = {english},
  publisher={SIAM}
}

%%%%%%%%%%%%%%%%%%%%%%%%%
%%%  Model equations  %%%
%%%%%%%%%%%%%%%%%%%%%%%%%

@Article{Krook1954,
  author    = {Bhatnagar, P L and Gross, E P and Krook, Max},
  title     = {A Model for Collision Processes in Gases. I. Small Amplitude Processes in Charged and Neutral One-Component Systems},
  journal   = {Phys. Rev.},
  year      = {1954},
  volume    = {94},
  pages     = {511--525},
  doi       = {10.1103/PhysRev.94.511},
  langid    = {english},
  publisher = {American Physical Society},
}

@Article{Welander1954,
  author  = {Welander, P.},
  title   = {On the temperature jump in a rarefied gas},
  journal = {Arkiv Fysik},
  year    = {1954},
  volume  = {7},
  pages   = {507--553},
  langid  = {english},
}

@article{Shakhov1968,
  title={Generalization of the Krook kinetic relaxation equation},
  author={Shakhov, E M},
  journal={Fluid Dyn.},
  volume={3},
  number={5},
  pages={95--96},
  year={1968},
  doi       = {10.1007/BF01029546},
  langid    = {english},
  publisher={Springer}
}

@Article{Holway1966,
  author    = {Holway, L H},
  title     = {New Statistical Models for Kinetic Theory: Methods of Construction},
  journal   = {Phys. Fluids},
  year      = {1966},
  volume    = {9},
  number    = {9},
  pages     = {1658--1673},
  doi       = {10.1063/1.1761920},
  langid    = {english},
  publisher = {AIP},
}

@article{Li2004,
  title={Study on gas kinetic unified algorithm for flows from rarefied transition to continuum},
  author={Li, Zhi-Hui and Zhang, Han-Xin},
  journal={J. Comput. Phys.},
  volume={193},
  number={2},
  pages={708--738},
  year={2004},
  doi       = {10.1016/j.jcp.2003.08.022},
  langid    = {english},
  publisher={Elsevier}
}

@Article{Kolobov2013,
  author    = {Arslanbekov, Robert R and Kolobov, Vladimir I and Frolova, Anna A},
  title     = {Kinetic solvers with adaptive mesh in phase space},
  journal   = {Phys. Rev. E},
  year      = {2013},
  volume    = {88},
  number    = {6},
  pages     = {063301},
  doi       = {10.1103/PhysRevE.88.063301},
  langid    = {english},
  publisher = {APS},
}

@article{Titarev2018,
  title={Application of model kinetic equations to hypersonic rarefied gas flows},
  author={Titarev, VA},
  journal={Comput. Fluids},
  volume={169},
  pages={62--70},
  year={2018},
  doi       = {10.1016/j.compfluid.2017.06.019},
  langid    = {english},
  publisher={Elsevier}
}

@article{Frolova2018,
  title={Recent Progress on Supercomputer Modelling of High-Speed Rarefied Gas Flows Using Kinetic Equations},
  author={Frolova, Anna A. and Titarev, Vladimir A.},
  journal={Supercomput. Front. Innov.},
  volume={5},
  number={3},
  pages={116--120},
  doi       = {10.14529/jsfi180322},
  langid  = {english},
  year={2018}
}



