@ARTICLE{Samarsky1961,
  author = {Самарский, A. A. and Тихонов, A. H.},
  title = {Об однородных разностных схемах},
  journal = {Журнал вычислительной математики и математической физики},
  year = {1961},
  volume = {1},
  pages = {5--63}
}

@ARTICLE{Safronov2010,
  author = {Сафронов, A. B.},
  title = {Оценка точности и сравнительный анализ разностных схем сквозного счёта
	повышенного порядка},
  journal = {вычислительные методы и программирование},
  year = {2010},
  volume = {11},
  pages = {137--143}
}

@ARTICLE{vanLeer1977,
  author = {Bram van Leer},
  title = {Towards the ultimate conservative difference scheme. \uppercase{IV. A} new approach
	to numerical convection},
  journal = {Journal of Computational Physics},
  year = {1977},
  volume = {23},
  pages = {276--299},
  number = {3}
}

@ARTICLE{Roe1985,
  author = {Roe, P.L.},
  title = {Some Contributions to the Modelling of Discontinuous Flows},
  journal = {Large-scale computations in fluid mechanics. Lectures in Applied
	Mathematics},
  year = {1985},
  volume = {22},
  pages = {163--193}
}

@ARTICLE{Harten1983,
  author = {Amiram Harten},
  title = {High resolution schemes for hyperbolic conservation laws},
  journal = {Journal of Computational Physics},
  year = {1983},
  volume = {49},
  pages = {357--393}
}
