@ARTICLE{Tcheremissine2010,
  author = {Anikin, {\relax Yu} A and Derbakova, E P and Dodulad, O I and Kloss, {\relax Yu} {\relax Yu}
	and Martynov, D V and Rogozin, O A and Shuvalov, P V and Tcheremissine, F G},
  title = {Computing of Gas Flows in Micro- and Nanoscale Channels on the Base
	of the Boltzmann Kinetic Equation},
  journal = {Procedia Computer Science},
  year = {2010},
  volume = {1},
  pages = {735--744},
  number = {1},
  langid={english},
  doi={10.1016/j.procs.2010.04.079}
}

@PATENT{Rogozin2010p2,
  nationality = {Russia},
  number = {2010613640},
  year = {2010},
  author = {Клосс, Ю Ю and Черемисин, Ф Г and Хохлов, Н И and Дербакова, Е П and Аникин, Ю А and Рогозин, О А and Шувалов, П В},
  langid={russian},
  title = {Программный комплекс для визуализации результатов моделирования явлений в разреженном газе BKViewer}
}

@BOOK{Anikin2011,
  title = {Введение в численные методы в динамике разреженного газа},
  publisher = {Физтех--Полиграф},
  year = {2011},
  author = {Аникин, Ю А and Клосс, Ю Ю and Рогозин, О А and Сазыкина, Т А and Черемисин, Ф Г},
  langid={russian},
  pages = {80}
}

@PATENT{Rogozin2010p1,
  nationality = {Russia},
  number = {2010613639},
  year = {2010},
  author = {Клосс, Ю Ю and Черемисин, Ф Г and Рогозин, О А and Дербакова, Е П and Шувалов, П В},
  langid={russian},
  title = {Программный комплекс для моделирования газокинетических процессов на основе численного решения уравнения Больцмана Rogsolv}
}

@ARTICLE{Rogozin2011,
  author = {Додулад, О И and Клосс, Ю Ю and Мартынов, Д В and Рогозин, О А and Рябченков, В В and Шувалов, П В and Черемисин, Ф Г},
  title = {Проблемно-моделирующая среда для расчётов и анализа газокинетических процессов},
  journal = {Нано- и микросистемная техника},
  year = {2011},
  pages = {12--17},
  langid={russian},
  number = {2}
}

@ARTICLE{Rogozin2010,
  author = {Клосс, Ю Ю and Рогозин, О А and Черемисин, Ф Г},
  title = {Компьютерное моделирование многоступенчатого микронасоса Кнудсена в плоской геометрии},
  journal = {Нано- и микросистемная техника},
  year = {2010},
  pages = {24--31},
  langid={russian},
  number = {6}
}

@article{Rogozin2014,
  title={Computer simulation of slightly rarefied gas flows driven by significant temperature variations and their continuum limit},
  author={Rogozin, Oleg},
  journal={Theoretical and Computational Fluid Dynamics},
  volume={28},
  number={6},
  pages={573--587},
  year={2014},
  doi={10.1007/s00162-014-0334-5},
  langid={english},
  publisher={Springer}
}

@article{Rogozin2016,
  title={Numerical analysis of the nonlinear plane Couette-flow problem of a rarefied gas for hard-sphere molecules},
  author={Rogozin, Oleg},
  journal={European Journal of Mechanics B/Fluids},
  year={2016},
  volume={60},
  pages={148--163},
  langid={english},
  doi={10.1016/j.euromechflu.2016.06.011}
}

@article{Rogozin2017,
  title={Медленные неизотермические течения: численный и асимптотический анализ уравнения Больцмана},
  author={Рогозин, О А},
  journal={Журнал вычислительной математики и математической физики},
  year={2017},
  volume={57},
  number={5},
  langid={russian}
}

