@article{Rogozin2014,
  eprinttype={arxiv},
  eprint={1410.6711},
  title={Computer simulation of slightly rarefied gas flows driven by significant temperature variations and their continuum limit},
  author={Rogozin, Oleg},
  journal={Theoretical and Computational Fluid Dynamics},
  volume={28},
  number={6},
  pages={573--587},
  year={2014},
  doi={10.1007/s00162-014-0334-5},
  publisher={Springer}
}

@article{Rogozin2016,
  title={Numerical analysis of the nonlinear plane Couette-flow problem of a rarefied gas for hard-sphere molecules},
  author={Rogozin, Oleg},
  journal={European Journal of Mechanics B/Fluids},
  year={2016},
  volume={60},
  pages={148--163},
  doi={10.1016/j.euromechflu.2016.06.011}
}

@article{Rogozin2017,
  eprinttype={arxiv},
  eprint={1701.05811},
  title={Медленные неизотермические течения: численный и асимптотический анализ уравнения Больцмана},
  author={Рогозин, О А},
  journal={Журнал вычислительной математики и математической физики},
  year={2017},
  volume={57},
  number={7},
  pages={1205--1229},
  doi={10.7868/S0044466917060126},
}

@Article{Rogozin2020dvmlbm,
  author     = {Aristov, V V and Ilyin, O V and Rogozin, O A},
  title      = {Kinetic multiscale scheme based on the discrete-velocity and lattice-Boltzmann methods},
  journal    = {Journal of Computational Science},
  year       = {2020},
  volume     = {40},
  doi        = {10.1016/j.jocs.2019.101064},
  pages      = {101064},
  eprint     = {1806.09225},
  eprinttype = {arxiv},
}

@Article{sharaborin2021coupled,
  author  = {Sharaborin, Evgenii L. and Rogozin, Oleg A. and Kasimov, Aslan R.},
  journal = {Fluids},
  title   = {The Coupled Volume of Fluid and Brinkman Penalization Methods for Simulation of Incompressible Multiphase Flows},
  year    = {2021},
  pages   = {334},
  number  = {9},
  volume  = {6},
  doi     = {10.3390/fluids6090334},
}

@Article{sharaborin2021comptutational,
  author  = {Sharaborin, Evgenii L. and Rogozin, Oleg A. and Kasimov, Aslan R.},
  journal = {Fluids},
  title   = {Computational Study of the Dynamics of the Taylor Bubble},
  year    = {2021},
  pages   = {389},
  number  = {11},
  volume  = {6},
  doi     = {10.3390/fluids6110389},
}

@Article{sharaborin2025break,
  author    = {Sharaborin, Evgenii L and Rogozin, Oleg A and Kasimov, Aslan R},
  journal   = {Computers \& Fluids},
  title     = {Break-up of the Taylor bubble},
  year      = {2025},
  pages     = {106577},
  volume    = {291},
  doi       = {10.1016/j.compfluid.2025.106577},
  publisher = {Elsevier},
}
