@ARTICLE{Tcheremissine2010,
  author = {Anikin, Yu A and Derbakova, E P and Dodulad, O I and Kloss, Yu Yu
	and Martynov, D V and Rogozin, O A and Shuvalov, P V and Tcheremissine, F G},
  title = {Computing of Gas Flows in Micro- and Nanoscale Channels on the Base
	of the Boltzmann Kinetic Equation},
  journal = {Procedia Computer Science},
  year = {2010},
  volume = {1},
  pages = {735--744},
  number = {1},
  doi={10.1016/j.procs.2010.04.079}
}

@PATENT{Rogozin2010p2,
  nationality = {Russia},
  number = {2010613640},
  year = {2010},
  author = {Клосс, Ю Ю and Черемисин, Ф Г and Хохлов, Н И and Дербакова, Е П and Аникин, Ю А and Рогозин, О А and Шувалов, П В},
  title = {Программный комплекс для визуализации результатов моделирования явлений в разреженном газе BKViewer}
}

@BOOK{Anikin2011,
  title = {Введение в численные методы в динамике разреженного газа},
  publisher = {Физтех--Полиграф},
  year = {2011},
  author = {Аникин, Ю А and Клосс, Ю Ю and Рогозин, О А and Сазыкина, Т А and Черемисин, Ф Г},
  pages = {80}
}

@PATENT{Rogozin2010p1,
  nationality = {Russia},
  number = {2010613639},
  year = {2010},
  author = {Клосс, Ю Ю and Черемисин, Ф Г and Рогозин, О А and Дербакова, Е П and Шувалов, П В},
  title = {Программный комплекс для моделирования газокинетических процессов на основе численного решения уравнения Больцмана Rogsolv}
}

@ARTICLE{Rogozin2011,
  author = {Додулад, О И and Клосс, Ю Ю and Мартынов, Д В and Рогозин, О А and Рябченков, В В and Шувалов, П В and Черемисин, Ф Г},
  title = {Проблемно-моделирующая среда для расчётов и анализа газокинетических процессов},
  journal = {Нано- и микросистемная техника},
  year = {2011},
  pages = {12--17},
  number = {2}
}

@ARTICLE{Rogozin2010,
  author = {Клосс, Ю Ю and Рогозин, О А and Черемисин, Ф Г},
  title = {Компьютерное моделирование многоступенчатого микронасоса Кнудсена в плоской геометрии},
  journal = {Нано- и микросистемная техника},
  year = {2010},
  pages = {24--31},
  number = {6}
}

@inproceedings{Ilyin2017,
  title={Fluid-kinetic coupling of the BGK and lattice Boltzmann equations},
  booktitle={7th European Conference for Aeronautics and Aerospace Sciences},
  author={Aristov, Vladimir V. and Ilyin, Oleg V. and Rogozin, Oleg A.},
  doi={10.13009/EUCASS2017-652},
  year={2017},
}

@InProceedings{Rogozin2019hybrid,
  author    = {Aristov, Vladimir V and Ilyin, Oleg V and Rogozin, Oleg A},
  title     = {A hybrid numerical scheme based on coupling discrete-velocities models for the BGK and LBGK equations},
  booktitle = {Proceedings of 31th International Symposium on Rarefied Gas Dynamics},
  year      = {2019},
  doi       = {10.1063/1.5119547},
}

@InProceedings{Rogozin2019Boltzmann,
  author    = {Rogozin, Oleg A. and Aristov, Vladimir V. and Peng, Aoping and Li, Zhihui},
  title     = {Regularization and modeling of the Boltzmann collisional operator: Tcheremissine and Shakhov approaches},
  booktitle = {Proceedings of 31th International Symposium on Rarefied Gas Dynamics},
  year      = {2019},
  doi       = {10.1063/1.5119548},
}

@Article{filimonov2021hardening,
  author    = {Filimonov, Aleksandr M and Rogozin, Oleg A and Firsov, Denis G and Kuzminova, Yulia O and Sergeev, Semen N and Zhilyaev, Alexander P and Lerner, Marat I and Toropkov, Nikita E and Simonov, Alexey P and Binkov, Ivan I and others},
  title     = {Hardening of Additive Manufactured 316L Stainless Steel by Using Bimodal Powder Containing Nanoscale Fraction},
  doi       = {10.3390/ma14010115},
  number    = {1},
  pages     = {115},
  volume    = {14},
  journal   = {Materials},
  publisher = {Multidisciplinary Digital Publishing Institute},
  year      = {2021},
}

@Article{filimonov2021modification,
  author    = {Filimonov, Aleksandr M and Rogozin, Oleg A and Dubinin, Oleg N and Kuzminova, Yulia O and Shibalova, Anastasia A and Okulov, Ilya V and Akhatov, Iskander S and Evlashin, Stanislav A},
  title     = {Modification of Mechanical Properties in Directed Energy Deposition by a Static Magnetic Field: Experimental and Theoretical Analysis},
  doi       = {10.3390/ma14185190},
  number    = {18},
  pages     = {5190},
  volume    = {14},
  journal   = {Materials},
  publisher = {Multidisciplinary Digital Publishing Institute},
  year      = {2021},
}

@Article{evlashin2023boron,
  author    = {Evlashin, Stanislav A and Kuzminova, Yulia O and Simonov, Alexey P and Firsov, Denis G and Dubinin, Oleg N and Rogozin, Oleg A and Perevozchikov, Mikhail V and Akhatov, Iskander S},
  title     = {Boron as an alloying element for improving mechanical properties of austenitic stainless steels in laser powder bed fusion},
  doi       = {10.1016/j.mtla.2023.101908},
  pages     = {101908},
  volume    = {32},
  journal   = {Materialia},
  publisher = {Elsevier},
  year      = {2023},
}

@Article{usachev2025numerical,
  author    = {Usachev, Igor A and Kolomenskiy, Dmitry and Rogozin, Oleg A and Grishaev, Viktor G and Amirfazli, Alidad and Drachev, Vladimir P},
  title     = {Numerical modeling for freezing of aircraft anti-icing fluids},
  doi       = {10.1016/j.icheatmasstransfer.2025.108803},
  pages     = {108803},
  volume    = {164},
  journal   = {International Communications in Heat and Mass Transfer},
  publisher = {Elsevier},
  year      = {2025},
}

@Article{vilinski2025numerical,
  author    = {Vilinski-Mazur, Katherine and Kirillov, Bogdan and Rogozin, Oleg and Kolomenskiy, Dmitry},
  title     = {Numerical modeling of oxygen diffusion in tissue spheroids undergoing fusion using function representation and finite volumes},
  doi       = {10.1038/s41598-025-86805-2},
  number    = {1},
  pages     = {5054},
  volume    = {15},
  journal   = {Scientific Reports},
  publisher = {Nature Publishing Group UK London},
  year      = {2025},
}
