% This file was created with JabRef 2.9b2.
% Encoding: UTF-8

@ARTICLE{Sone1998,
  author = {Aoki, K and Sone, Y and Waniguchi, Y},
  title = {A rarefied gas flow induced by a temperature field: Numerical analysis
	of the flow between two coaxial elliptic cylinders with different
	uniform temperatures},
  journal = {Computers \& Mathematics with Applications},
  year = {1998},
  volume = {35},
  pages = {15--28},
  number = {1},
  publisher = {Elsevier}
}

@ARTICLE{Caretto1972,
  author = {Caretto, LS and Curr, RM and Spalding, DB},
  title = {Two numerical methods for three-dimensional boundary layers},
  journal = {Computer Methods in Applied Mechanics and Engineering},
  year = {1972},
  volume = {1},
  pages = {39--57},
  number = {1},
  publisher = {Elsevier}
}

@ARTICLE{Geuzaine2009,
  author = {Geuzaine, Christophe and Remacle, Jean-Fran{\c{c}}ois},
  title = {Gmsh: A 3-D finite element mesh generator with built-in pre-and post-processing
	facilities},
  journal = {International Journal for Numerical Methods in Engineering},
  year = {2009},
  volume = {79},
  pages = {1309--1331},
  number = {11},
  publisher = {Wiley Online Library}
}

@INBOOK{Hilbert1912,
  chapter = {22},
  title = {Gr{\"u}ndz{\"u}ge einer allgemeinen Theorie der linearen Integralgleichungen},
  year = {1912},
  author = {Hilbert, D}
}

@BOOK{Sone2007,
  title = {Molecular gas dynamics: theory, techniques, and applications},
  publisher = {Birkhauser},
  year = {2007},
  author = {Sone, Y.}
}

@BOOK{Sone2002,
  title = {Kinetic theory and fluid dynamics},
  publisher = {Birkhauser},
  year = {2002},
  author = {Sone, Yoshio}
}

@ARTICLE{Bobylev1996,
  author = {Sone, Yoshio and Aoki, Kazuo and Takata, Shigeru and Sugimoto, Hiroshi
	and Bobylev, AV},
  title = {Inappropriateness of the heat-conduction equation for description
	of a temperature field of a stationary gas in the continuum limit:
	Examination by asymptotic analysis and numerical computation of the
	Boltzmann equation},
  journal = {Physics of fluids},
  year = {1996},
  volume = {8},
  pages = {628--638},
  number = {2}
}

@ARTICLE{Tabor1998,
  author = {Weller, Henry G and Tabor, G and Jasak, Hrvoje and Fureby, C},
  title = {A tensorial approach to computational continuum mechanics using object-oriented
	techniques},
  journal = {Computers in physics},
  year = {1998},
  volume = {12},
  pages = {620--631},
  number = {6}
}

@ARTICLE{Kogan1971,
  author = {Галкин, ВС and Коган, МИ and Фридлендер, ОГ},
  title = {О свободной конвекции в газе в отсутствие внешних сил},
  journal = {Изв. АН СССР. Механ. жидкости и газа},
  year = {1971},
  pages = {98--107},
  number = {3},
  language = {russian}
}

@ARTICLE{Rogozin2011,
  author = {Додулад, О И and Клосс, Ю Ю and Мартынов, Д В and Рогозин, О А and
	Pябченков, В В and Черемисин, Ф Г and Шувалов, П В},
  title = {Проблемно-моделирующая среда для расчётов и анализа газокинетических
	процессов},
  journal = {Нано- и микросистемная техника},
  year = {2011},
  pages = {12--17},
  number = {2},
  language = {russian},
  publisher = {Издательство" Новые технологии"}
}

@ARTICLE{Martynov2011,
  author = {Клосс, Юрий Юрьевич and Мартынов, Денис Владимирович and Черемисин,
	Феликс Григорьевич},
  title = {Проблемно-моделирующая среда для решения кинетического уравнения
	Больцмана на тетраэдрических сетках},
  journal = {Вычислительные методы и программирование},
  year = {2011},
  volume = {12},
  pages = {24--38},
  number = {2},
  language = {russian},
  publisher = {Научно-исследовательский вычислительный центр МГУ им. МВ Ломоносова}
}

@ARTICLE{Kogan1976,
  author = {Коган, МН and Галкин, ВС and Фридлендер, ОГ},
  title = {О напряжениях, возникающих в газах вследствие неоднородности температуры
	и концентраций. Новые типы свободной конвекции},
  journal = {Успехи физических наук},
  year = {1976},
  volume = {119},
  pages = {111--125},
  number = {5},
  language = {russian}
}

