
%%%%%%%%%%%%%%%%%%%%%%%%%%%
%%%%% Ancient atomism %%%%%
%%%%%%%%%%%%%%%%%%%%%%%%%%%

@inbook{marx1956difference,
  title={Различие между натурфилософией Демокрита и натурфилософией Эпикура},
  author={Маркс, Карл},
  booktitle={Из ранних произведений},
  bookauthor={Маркс, Карл and Энгельс, Фридрих},
  location={М.},
  publisher={Гос. изд. политической литературы},
  pages={17--98},
  year={1956}
}

@book{kar1983nature,
  author={Кар, Тит Лукреций},
  title={О природе вещей},
  origlanguage={latin},
  translator={Петровского, Ф А},
  location={М.},
  publisher={Художественная литература},
  year={1983},
  pagetotal={384}
}

%%%%%%%%%%%%%%%%%%%%%%%%%%%%%%%
%%%%% Molecular structure %%%%%
%%%%%%%%%%%%%%%%%%%%%%%%%%%%%%%

@book{gassendi1966writings,
  editor={Ситковского, Е П},
  title={Сочинения в двух томах},
  author={Пьер Гассенди},
  year={1966},
  volume={1},
  location={М.},
  publisher={Мысль}
}

@book{descartes1950selected,
  author={Декарт, Рене},
  title={Избранные произведения},
  translator={Соколова, В В},
  year={1950},
  location={М.},
  publisher={Гос. изд. политической литературы}
}

@article{kaydakov1998theological,
  author={Кайдаков, С В},
  title={Теологическая основа философии Лейбница},
  journal={История философии},
  issue={3},
  year={1998},
  pages={3--16}
}

@bookinbook{galileo1964discussions,
  author={Галилей, Галилео},
  title={Беседы и математические доказательства, касающиеся двух новых отраслей науки},
  editor={Франкфурт, У И},
  editortype={compiler},
  maintitle={Избранные труды в двух томах},
  volume={2},
  pages={109-412},
  year={1964},
  location={М.},
  publisher={Наука}
}

@book{torricelli1644opera,
  author={Torricelli, Evangelista},
  title={Opera geometrica},
  language={latin},
  year={1644},
  location={Florentiae},
  publisher={typis A. Masse \& L. de Landis}
}

@book{boyle1662new,
  author={Boyle, Robert},
  title={New experiments physico-mechanical, touching the air, and its effects},
  location={Oxford},
  publisher={H. Hall},
  langid={english},
  year={1662}
}

@mvbook{mariotte1676new,
  author={Mariotte, Edme},
  title={Essays de phisique},
  volumes={4},
  location={Paris},
  publisher={E. Michallet},
  language={french}
}

@inbook{mariotte1676new2,
  title={De la nature de l'air},
  volume={2},
  langid={french},
  year={1679},
  crossref={mariotte1676new}
}

@book{newton1989principia,
  title={Математические начала натуральной философии},
  author={Ньютон, Исаак},
  translator={Крылова, А Н},
  editor={Полака, Л С},
  origlanguage={latin},
  year={1989},
  location={М.},
  publisher={Наука}
}

@incollection{duillier1690letter,
  author={Fatio de Duillier, N.},
  title={Lettre \textnumero 2570},
  booktitle={Oeuvres complètes de Christiaan Huygens},
  volume={9},
  publisher={Société Hollandaise des Sciences},
  pages={381–389},
  langid={french},
  year={1690}
}

@incollection{lesage1784lucrece,
  author={Le Sage, Georges-Louis},
  title={Lucrece Newtonien},
  booktitle={Détaché des Mémoires de l'Académie royale des sciences et belles-lettres},
  location={Berlin},
  langid={french},
  year={1784}
}

@book{newton1927opticks,
  author={Ньютон, Исаак},
  title={Оптика},
  translator={Вавилова, С И},
  origlanguage={english},
  edition={2},
  year={1954},
  location={М.},
  publisher={Госиздат}
}

@book{leibniz1982collected1,
  author={Лейбниц, Готфрид Вильгельм},
  title={Сочинения в четырех томах},
  editor={Соколова, В В},
  volume={1},
  year={1982},
  location={М.},
  publisher={Мысль}
}

@inbook{leibniz1982descartes,
  title={Краткое доказательство примечательной ошибки Декарта...},
  translator={Боровского, Я М},
  origlanguage={latin},
  pages={118-124},
  crossref={leibniz1982collected1}
}

@inbook{leibniz1982dynamics,
  title={Опыт рассмотрения динамики...},
  translator={Боровского, Я М},
  origlanguage={latin},
  pages={247-270},
  crossref={leibniz1982collected1}
}

@inbook{leibniz1982monadology,
  title={Монадология},
  translator={Боброва, Б П},
  origlanguage={french},
  pages={413-429},
  crossref={leibniz1982collected1}
}

@book{boscovich1966philosophiae,
  title={A theory of natural philosophy},
  author={Bošković, Ruđer Josip},
  translator={Child, James Mark},
  origlang={latin},
  langid={english},
  year={1966},
  location={Cambridge, Mass.},
  publisher={MIT Press}
}

@article{lavoisier1783reflexions,
  title={R{\'e}flexions sur le phlogistique pour servir de suite {\`a} la th{\'e}orie de la combustion et de la calcination, publi{\'e}e en 1777},
  author={Lavoisier, Antoine-Laurent},
  journal={M{\'e}moires de l’Acad{\'e}mie Royale des Sciences de Paris},
  langid={french},
  year={1783},
  location={Paris},
  publisher={Acad{\'e}mie des sciences},
  language={french}
}

@book{lavoisier1793traite,
  title={Trait{\'e} {\'e}l{\'e}mentaire de chimie},
  author={Lavoisier, Antoine-Laurent},
  langid={french},
  year={1793},
  location={Paris},
  publisher={Cuchet, Libraire},
  language={french}
}

@article{laplace1824attraction,
  title={Sur l’Attraction des Sph{\`e}res et sur la R{\'e}pulsion des Fluides {\'E}lastiques},
  author={Laplace, Pierre-Simon},
  journal={Connaissance des Tems pour l’an},
  pages={328--343},
  langid={french},
  year={1824},
  language={french}
}

@article{thompson1798heat,
  title={Heat is a form of motion: An experiment in Boring Cannon},
  author={Thompson, Benjamin},
  journal={Phil. Trans. of the Royal Society of London},
  volume={88},
  langid={english},
  year={1798}
}

@book{dalton1805absorption,
  title={On the absorption of gases by water and other liquids},
  author={Dalton, John},
  langid={english},
  year={1805},
  location={Manchester},
  publisher={S. Russell}
}

@book{dalton2010new,
  title={A new system of chemical philosophy},
  author={Dalton, John},
  volume={1},
  langid={english},
  year={2010},
  publisher={Cambridge University Press}
}

@article{gay1809memoire,
  title={M{\'e}moire sur la combinaison des substances gazeuses, les unes avec les autres},
  author={Gay-Lussac, Joseph Louis},
  journal={Mémoires de physique et de chimie de la Société d’Arcueil},
  volume={2},
  langid={french},
  year={1809},
  location={Paris},
  publisher={J. J. Bernard},
  pages={207--234},
  language={french}
}

@article{avogadro1811essai,
  title={Essai d'une mani{\`e}re de d{\'e}terminer les masses relatives des mol{\'e}cules {\'e}l{\'e}mentaires des corps, et les proportions selon lesquelles elles entrent dans les combinaisons},
  author={Avogadro, Amedeo},
  journal={Journal de physique, de chimie, d'histoire naturelle, et des arts},
  volume={LXXIII},
  pages={58-76},
  langid={french},
  year={1811},
  language={french}
}

@article{hartley1966stanislao,
  title={Stanislao Cannizzaro, FRS (1826-1910) and the First International Chemical Conference at Karlsruhe in 1860},
  author={Hartley, Harold},
  journal={Notes and Records of the Royal Society of London},
  volume={21},
  pages={56--63},
  langid={english},
  year={1966}
}

@article{brown1828motion,
  title={A brief account of microscopical observations made in the months of June, July and August 1827, on the particles contained in the pollen of plants},
  author={Brown, Robert},
  journal={The Phil. Magazine},
  volume={4},
  number={21},
  pages={161--173},
  langid={english},
  year={1828},
  publisher={Taylor \& Francis}
}

@book{brownian1936motion,
  author={Эйнштейн, А and Смолуховский, М},
  title={Брауновское движение. Сборник статей},
  year={1936},
  location={М.},
  publisher={ОНТИ},
  pagestotal={608}
}

@article{perrin1909movement,
  title={Mouvement brownien et r{\'e}alit{\'e} mol{\'e}culaire},
  author={Perrin, Jean Baptiste},
  journal={Annales de Chimie et de Physique},
  volume={18},
  pages={5--104},
  langid={french},
  year={1909}
}

%%%%%%%%%%%%%%%%%%%%%%%%%%
%%%%% Thermodynamics %%%%%
%%%%%%%%%%%%%%%%%%%%%%%%%%

@article{gay1802recherches,
  title={Recherches sur la dilatation des gaz et des vapeurs},
  author={Gay-Lussac, Joseph Louis},
  journal={Annales de Chimie},
  volume={43},
  pages={137--175},
  langid={french},
  year={1802},
  language={french}
}

@article{gay1807premier,
  title={Premier essai pour déterminer les variations de température qu’éprouvent les gaz en changeant de densité, et considérations sur leur capacité pour le calorique},
  journal={Mémoires de physique et de chimie de la Société d’Arcueil},
  volume={1},
  author={Gay-Lussac, Joseph Louis},
  langid={french},
  year={1807},
  location={Paris},
  publisher={J. J. Bernard},
  pages={180-203},
  language={french}
}

@article{amontons1703thermometre,
  title={Le thermom{\`e}tre r{\'e}duit {\`a} une mesure fixe et certaine, et le moyen d'y rapporter les observations faites avec les anciens thermom{\`e}tres},
  author={Amontons, Guillaume},
  journal={M{\'e}moires de math{\'e}matique et de physique de l'Acad{\'e}mie royale des sciences},
  langid={french},
  year={1703}
}

@book{carnot1923reflections,
  title={Размышления о движущей силе огня и о машинах, способных развивать эту силу},
  author={Карно, Никола Леонар Сади},
  translator={Фриша, С Э},
  origlanguage={french},
  editor={Бурсиана, В Р and Круткова, Ю А},
  location={М.},
  publisher={Госиздат},
  year={1923}
}

@article{clapeyron1834memoire,
  title={M{\'e}moire sur la puissance motrice de la chaleur},
  author={Clapeyron, {\'E}mile},
  journal={Journal de l’Ecole Polytechnique},
  volume={14},
  pages={153-190},
  langid={french},
  year={1834}
}

@book{mayer1933law,
  author={Майер, Юлиус Роберт},
  title={Закон сохранения и превращения энергии: Четыре исследования 1841---1851},
  editor={Максимова, А А},
  location={М.},
  publisher={Госиздат},
  year={1933}
}

@inbook{mayer1933forces,
  title={Замечания о силах неживой природы},
  pages={75-88},
  crossref={mayer1933law}
}

@inbook{mayer1933organic,
  title={Органическое движение в его связи с обменом веществ},
  pages={89-224},
  crossref={mayer1933law}
}

@book{golin1989classics,
  author={Голин, Г М and Филонович, С Р},
  title={Классики физической науки (с древнейших времен до начала XX в.)},
  location={М.},
  publisher={Высшая школа},
  year={1989}
}

@inbook{joule1989equivalent,
  author={Джоуль, Джеймс Прескотт},
  title={Об определении механического эквивалента тепла},
  translator={Филоновича, С Р},
  origlanguage={english},
  pages={382-391},
  crossref={golin1989classics}
}

@article{thomson1849carnot,
  title={An Account of Carnot's Theory of the Motive Power of Heat; with Numerical Results deduced from Regnault's Experiments on Steam.},
  author={Thomson, William},
  journal={Trans. of the Royal Society of Edinburgh},
  volume={16},
  number={5},
  pages={541--574},
  langid={english},
  year={1849},
  publisher={Cambridge Univ Press}
}

@article{thomson1853dynamical,
  title={On the Dynamical Theory of Heat, with numerical results deduced from Mr Joule's Equivalent of a Thermal Unit, and M. Regnault's Observations on Steam},
  author={Thomson, William},
  journal={Trans. of the Royal Society of Edinburgh},
  volume={20},
  number={2},
  pages={261--288},
  langid={english},
  year={1853},
  publisher={Cambridge Univ Press}
}

@article{thomson1852dissipation,
  title={On a universal tendency in nature to the dissipation of mechanical energy},
  author={Thomson, William},
  journal={Phil. Magazine},
  volume={4},
  number={25},
  pages={304--306},
  langid={english},
  year={1852},
  publisher={Taylor \& Francis}
}

@article{clausius1850carnot,
  title={{\"U}ber die bewegende Kraft der W{\"a}rme und die Gesetze, welche sich daraus f{\"u}r die W{\"a}rmelehre selbst ableiten lassen},
  author={Clausius, Rudolf},
  journal={Annalen der Physik},
  volume={155},
  number={3},
  pages={368--397},
  langid={german},
  year={1850},
  publisher={Wiley Online Library}
}

@article{clausius1854second,
  title={{\"U}ber eine ver{\"a}nderte Form des zweiten Hauptsatzes der mechanischen W{\"a}rmetheorie},
  author={Clausius, Rudolf},
  journal={Annalen der Physik},
  volume={169},
  number={12},
  pages={481--506},
  langid={german},
  year={1854},
  publisher={Wiley Online Library}
}

@article{clausius1865entropy,
  title={{\"U}ber verschiedene f{\"u}r die Anwendung bequeme Formen der Hauptgleichungen der mechanischen W{\"a}rmetheorie},
  author={Clausius, Rudolf},
  journal={Annalen der Physik},
  volume={201},
  number={7},
  pages={353--400},
  langid={german},
  year={1865},
  publisher={Wiley Online Library}
}

%%%%%%%%%%%%%%%%%%%%%%%%%%%%%
%%%%% Neglected pioners %%%%%
%%%%%%%%%%%%%%%%%%%%%%%%%%%%%

@book{bernulli1959hydro,
  author={Бернулли, Даниил},
  title={Гидродинамика},
  translator={Гохмана, В С},
  editor={Некрасова, А И and Баумгарта, К К},
  origlanguage={latin},
  year={1959},
  location={М.},
  publisher={Изд-во АН СССР}
}

@article{bernoulli1859daniel,
  title={Daniel Bernoulli's Ansicht {\"u}ber die Constitution der Gase},
  author={Bernoulli, Daniel},
  journal={Annalen der Physik},
  volume={183},
  number={7},
  pages={490--494},
  langid={german},
  year={1859}
}

@book{lomonosov1961selected,
  author={Ломоносов, Михаил Васильевич},
  title={Избранные труды по химии и физике},
  editor={Топчиева, Л Б},
  location={М.},
  year={1961},
  publisher={Изд-во АН СССР}
}

@inbook{lomonosov1951chemistry,
  title={Элементы математической химии},
  translator={Меншуткина, Б Н},
  origlanguage={latin},
  pages={7-18},
  crossref={lomonosov1961selected}
}

@inbook{lomonosov1951letter,
  title={Письмо к Леонарду Эйлеру от 5 июля 1748 г.},
  translator={Меншуткина, Б Н},
  origlanguage={latin},
  pages={7-18},
  crossref={lomonosov1961selected}
}

@inbook{lomonosov1951speculations,
  title={Размышления о причине теплоты и холода},
  translator={Меншуткина, Б Н},
  origlanguage={latin},
  pages={58-80},
  crossref={lomonosov1961selected}
}

@book{davy1812elements,
  title={Elements of Chemical Philosophy},
  author={Davy, Humphry},
  year={1812},
  location={London},
  publisher={J. Johnson}
}

@article{herapath1821mathematical,
  title={A mathematical inquiry into the causes, laws and principal phenomenae of heat, gases, gravitation, etc},
  author={Herapath, John},
  journal={Annals of Philosophy},
  volume={2},
  number={1},
  pages={273--293},
  langid={english},
  year={1821}
}

@article{herapath1836principles,
  title={Principles of railway transit, as they regard the force of traction, expense, and speed},
  author={Herapath, John},
  journal={Journal of the Franklin Institute},
  volume={22},
  number={4},
  pages={270--273},
  langid={english},
  year={1836},
  publisher={Elsevier}
}

@book{herapath1847mathematical,
  title={Mathematical Physics or The Mathematical Principles of Natural Philosophy},
  author={Herapath, John},
  volume={1},
  langid={english},
  year={1847},
  location={London},
  publisher={Whittaker}
}

@inbook{joule2003matter,
  author={Joule, James Prescott},
  title={On matter, living force, and heat},
  bookauthor={Brush, Stephen G},
  booktitle={The Kinetic Theory Of Gases},
  pages={78-88},
  langid={english},
  year={2003}
}

@book{timiryazev1937founders,
  editor={Тимирязева, А К},
  title={Основатели кинетической теории материи. Сборник работ},
  location={М.-Л.},
  publisher={ОНТИ},
  year={1937}
}

@inbook{joule1851remarks,
  title={Некоторые замечания о теплоте и о строении упругих жидкостей},
  author={Джоуль, Джеймс Прескотт},
  translator={Гохмана, В С},
  origlanguage={english},
  pages={31--38},
  crossref={timiryazev1937founders}
}

@article{waterston1892physics,
  title={On the physics of media that are composed of free and perfectly elastic molecules in a state of motion},
  author={Waterston, John James and Rayleigh, Lord},
  journal={Phil. Trans. of the Royal Society of London. Series A},
  volume={183},
  pages={1--79},
  langid={english},
  year={1892},
  publisher={JSTOR}
}

@inproceedings{waterston1851general,
  title={On a general theory of gases},
  author={Waterston, JJ},
  booktitle={Report of the British Association for the Advancement of Science},
  volume={21},
  pages={6},
  langid={english},
  year={1851}
}

@article{waterston1858sound,
  title={On the theory of sound},
  author={Waterston, JJ},
  journal={Phil. Magazine},
  volume={16},
  number={110},
  pages={481--495},
  langid={english},
  year={1858},
  publisher={Taylor \& Francis}
}

%%%%%%%%%%%%%%%%%%%%%%%%%%
%%%%% Kinetic theory %%%%%
%%%%%%%%%%%%%%%%%%%%%%%%%%

@article{joule1852thermal,
  title={On the thermal effects experienced by air in rushing through small apertures},
  author={Joule, James Prescott and Thomson, William},
  journal={Phil. Magazine},
  volume={4},
  number={28},
  pages={481--492},
  langid={english},
  year={1852},
  publisher={Taylor \& Francis}
}

@article{kronig1856grundzuge,
  title={Grundz{\"u}ge einer Theorie der Gase},
  author={Kr{\"o}nig, August},
  journal={Annalen der Physik},
  volume={175},
  number={10},
  pages={315--322},
  langid={german},
  year={1856},
  publisher={Wiley Online Library}
}


@article{clausius1857heat,
  title={{\"U}ber die Art der Bewegung, welche wir W{\"a}rme nennen},
  author={Clausius, Rudolf},
  journal={Annalen der Physik},
  volume={176},
  number={3},
  pages={353--380},
  langid={german},
  year={1857},
  publisher={Wiley Online Library}
}

@article{buys1858heat,
  title={{\"U}ber die Art und Bewegung welche wir W{\"a}rme und Electricit{\"a}t nennen},
  author={Buys Ballot, Christophorus Henricus Didericus},
  journal={Annalen der Physik und Chemie},
  volume={103},
  pages={240--259},
  langid={german},
  year={1858},
  publisher={Barth}
}

@article{clausius1858freepath,
  title={{\"U}ber die mittlere L{\"a}nge der Wege, welche bei der Molecularbewegung gasf{\"o}rmiger K{\"o}rper von den einzelnen Molec{\"u}len zur{\"u}ckgelegt werden},
  author={Clausius, Rudolph},
  journal={Annalen der Physik},
  volume={181},
  number={10},
  pages={239--258},
  langid={german},
  year={1858},
  publisher={Wiley Online Library}
}

@inbook{clausius1937kinetics,
  author={Клаузиус, Рудольф},
  title={Кинетическая теория газов},
  translator={Гохмана, В С},
  origlanguage={german},
  pages={39-164},
  crossref={timiryazev1937founders}
}

@inbook{maxwell1860illustrations,
  title={Пояснения к динамической теории газов},
  author={Максвелл, Джеймс Клерк},
  translator={Гохмана, В С},
  origlanguage={english},
  pages={185--220},
  crossref={timiryazev1937founders}
}

@book{maxwell2012works,
  author={Максвелл, Джеймс Клерк},
  booktitle={Труды по кинетической теории},
  location={М.},
  publisher={БИНОМ. Лаборатория знаний},
  year={2012}
}

@inbook{maxwell2012theory,
  title={О динамической теории газов},
  translator={Москалёва, О Б},
  origlanguage={english},
  pages={174-231},
  crossref={maxwell2012works}
}

@book{boltzmann1984selected,
  author={Больцман, Людвиг},
  title={Избранные труды},
  editor={Полака, Л С},
  location={М.},
  year={1984},
  publisher={Наука}
}

@inbook{boltzmann1866second,
  title={О механическом смысле второго начала теории теплоты},
  pages={9-29},
  origlanguage={german},
  translator={Алексеева, И С},
  crossref={boltzmann1984selected}
}

@inbook{boltzmann1871equilibrium,
  title={О тепловом равновесии между многоатомными молекулами газа},
  origlanguage={german},
  translator={Ахутина, А В},
  pages={67-83},
  crossref={boltzmann1984selected}
}

@inbook{boltzmann1868distribution,
  title={Исследование равновесия живой силы между движущимися материальными точками},
  origlanguage={german},
  translator={Ахутина, А В},
  pages={30-66},
  crossref={boltzmann1984selected}
}

@inbook{boltzmann1872further,
  title={Дальнейшие исследования теплового равновесия между молекулами газа},
  pages={125-189},
  origlanguage={german},
  translator={Кузнецовой, О В},
  crossref={boltzmann1984selected}
}

@inbook{boltzmann1877stats,
  title={О связи между вторым началом механической теории теплоты и теорией вероятностей в теоремах о тепловом равновесии},
  pages={190-235},
  origlanguage={german},
  translator={Алексеева, И С},
  crossref={boltzmann1984selected}
}

@inbook{ehrenfest1911chaos,
  title={Begriffliche Grundlagen der statistischen Auffassung in der Mechanik},
  booktitle={Encyklop{\"a}die der mathematischen Wissenschaften},
  volume={IV},
  part={32},
  author={Ehrenfest, Paul and Ehrenfest, Tatiana},
  langid={german},
  year={1911},
  location={Leipzig},
  publisher={B. G. Teubner}
}

@article{thomson1874kinetic,
  title={Kinetic theory of the dissipation of energy},
  author={Thomson, William},
  journal={Nature},
  volume={9},
  number={232},
  pages={441--444},
  langid={english},
  year={1874}
}

@inbook{loschmidt1877paradox,
  author={Лошмидт, Иоганн Йозеф},
  title={О состоянии теплового равновесия в системе частиц с учетом силы тяжести},
  pages={190-235},
  origlanguage={german},
  translator={Кузнецовой, О В},
  crossref={boltzmann1984selected}
}

@book{brush2003kinetic,
  author={Brush, Stephen G},
  editor={Nancy S Hall},
  title={The Kinetic Theory of Gases: An Anthology of Classic Papers with Historical Commentary},
  location={London},
  publisher={Imperial College Press},
  langid={english},
  year={2003},
  pagetotal={668}
}

@inbook{boltzmann1877loschmidt,
  author={Boltzmann, Ludwig},
  title={On the Relation of a General Mechanical Theorem to the Second Law of Thermodynamics},
  pages={362-367},
  langid={english},
  crossref={brush2003kinetic}
}

@book{planck1975selected,
  author={Планк, Maкс},
  title={Избранные труды},
  editor={Полака, Л С},
  editora={Франкфурт, У И},
  editoratype={compiler},
  year={1975}
}

@inbook{planck1901constant,
  title={К теории распределения энергии излучения нормального спектра},
  translator={Френкеля, В Я},
  origlanguage={german},
  pages={251-257},
  crossref={planck1975selected}
}

@inbook{planck1901equation,
  title={О законе распределения энергии в нормальном спектре},
  translator={Сегаля, Р Б},
  origlanguage={german},
  pages={258-267},
  crossref={planck1975selected}
}

@inbook{maxwell2012stresses,
  title={О напряжениях в разрежённых газах, возникающих вследствие неоднородностей температуры},
  translator={Батищевой, Я Г and Орлова, Ю Н},
  origlanguage={english},
  pages={266-299},
  crossref={maxwell2012works}
}

@article{reynolds1879transpiration,
  title={On certain dimensional properties of matter in the gaseous state},
  author={Reynolds, Osborne},
  journal={Phil. Trans. of the Royal Society of London},
  volume={170},
  pages={727--845},
  langid={english},
  year={1879},
  publisher={JSTOR}
}

@article{crookes1874attraction,
  title={On attraction and repulsion resulting from radiation},
  author={Crookes, William},
  journal={Phil. Trans. of the Royal society of London},
  volume={164},
  pages={501--527},
  langid={english},
  year={1874},
  publisher={The Royal Society}
}

@article{boltzmann1885ansambles,
  title={{\"U}ber die M{\"o}glichkeit der Begr{\"u}ndung einer kinetischen Gastheorie auf anziehende Kr{\"a}fte allein},
  author={Boltzmann, Ludwig},
  journal={Annalen der Physik},
  volume={260},
  number={1},
  pages={37--44},
  langid={german},
  year={1885},
  publisher={Wiley Online Library}
}

@inbook{gibbs1902ansambles,
  author={Гиббс, Джозайя Уиллард},
  title={Основные принципы статистической механики, разработанные со специальным применением к рациональному обоснованию термодинамики},
  booktitle={Термодинамика. Статистическая механика},
  pages={350-508},
  editor={Зубарева, Д Я},
  editora={Франкфурт, У И},
  editoratype={compiler},
  year={1982}
}

@inbook{zermelo1896paradox,
  author={Цермело, Эрнст},
  title={Об одной теореме динамики и о механической теории теплоты},
  pages={437-444},
  origlanguage={german},
  translator={Алексеева, И С},
  crossref={boltzmann1984selected}
}

%%%%%%%%%%%%%%%%%%%%%%%%%%%%%%
%%%%% Modern development %%%%%
%%%%%%%%%%%%%%%%%%%%%%%%%%%%%%

@inproceedings{lorentz1905motion,
  title={The motion of electrons in metallic bodies},
  author={Lorentz, HA},
  booktitle={KNAW, Proceedings},
  location={Amsterdam},
  volume={7},
  pages={438--453},
  langid={english},
  year={1905}
}

@article{knudsen1909gesetze,
  title={Die Gesetze der Molekularstr{\"o}mung und der inneren Reibungsstr{\"o}mung der Gase durch R{\"o}hren},
  author={Knudsen, Martin},
  journal={Annalen der Physik},
  volume={333},
  number={1},
  pages={75--130},
  langid={german},
  year={1909}
}

@article{knudsen1909revision,
  title={Eine revision der gleichgewichtsbedingung der gase. Thermische molekularstr{\"o}mung},
  author={Knudsen, Martin},
  journal={Annalen der Physik},
  volume={336},
  number={1},
  pages={205--229},
  langid={german},
  year={1909}
}

@phdthesis{waals1873equation,
  title={Over die Continuiteit van den Gas- en Vloeistoftoestand},
  author={{van der Waals}, Johannes Diderik},
  langid={german},
  year={1873},
  institution={Leiden}
}

@article{enskog1911boltzmann,
  title={Bemerkungen zu einer Fundamentalgleichung in der kinetischen Gastheorie},
  author={Enskog, David},
  journal={Physik. Zs. Leipzig},
  volume={12},
  pages={533--539},
  langid={german},
  year={1911}
}

@article{enskog1912electron,
  title={Zur Elektronentheorie der Dispersion und Absorption der Metalle},
  author={Enskog, David},
  journal={Annalen der Physik},
  volume={343},
  number={9},
  pages={731--763},
  langid={german},
  year={1912},
  publisher={Wiley Online Library}
}

@article{hilbert1912grounds,
  title={Begr{\"u}ndung der kinetischen Gastheorie},
  author={Hilbert, David},
  journal={Mathematische Annalen},
  volume={72},
  number={4},
  pages={562--577},
  langid={german},
  year={1912},
  publisher={Springer}
}

@article{chapman1917diffusion,
  title={A note on thermal diffusion},
  author={Chapman, Sydney and Dootson, FW},
  journal={Phil. Magazine},
  volume={33},
  number={195},
  pages={248--253},
  langid={english},
  year={1917},
  publisher={Taylor \& Francis}
}

@article{chapman1916kinetic,
  title={On the law of distribution of molecular velocities, and on the theory of viscosity and thermal conduction, in a non-uniform simple monatomic gas},
  author={Chapman, Sydney},
  journal={Phil. Trans. of the Royal Society of London. Series A},
  volume={216},
  pages={279--348},
  langid={english},
  year={1916},
  publisher={JSTOR}
}

@article{chapman1918kinetic,
  title={On the kinetic theory of a Gas. Part II: a composite monatomic gas: diffusion, viscosity, and thermal conduction},
  author={Chapman, Sydney},
  journal={Phil. Trans. of the Royal Society of London. Series A},
  volume={217},
  pages={115--197},
  langid={english},
  year={1918},
  publisher={JSTOR}
}

@phdthesis{enskog1917thesis,
  title={Kinetische Theorie der Vorg{\"a}nge in m{\"a}ssig verd{\"u}nnten Gasen},
  author={Enskog, David},
  institution={Upsala},
  langid={german},
  year={1917},
  language={german}
}

@book{enskog1922dense,
  title={Kinetische Theorie der W{\"a}rmeleitung: Reibung und Selbst-diffusion in Gewissen verdichteten gasen und fl{\"u}ssigkeiten},
  author={Enskog, David},
  langid={german},
  year={1922},
  location={Stockholm},
  publisher={Almqvist \& Wiksells}
}

@book{chapman1960theory,
  title={Математическая теория неоднородных газов},
  editor={Боголюбова, Н Н},
  translator={Малиновской, Е В},
  origlanguage={english},
  author={Чепмен, С and Каулинг, Т},
  year={1960},
  location={М.},
  publisher={ИЛ},
  pagetotal={510}
}

@article{carleman1933theorie,
  title={Sur la th{\'e}orie de l'{\'e}quation int{\'e}grodiff{\'e}rentielle de Boltzmann},
  author={Carleman, Torsten},
  journal={Acta Mathematica},
  volume={60},
  number={1},
  pages={91--146},
  langid={french},
  year={1933},
  publisher={Springer}
}

@book{carleman1960problems,
  title={Математические задачи кинетической теории газов},
  author={Карлеман, Т},
  editor={Боголюбова, Н Н},
  origlanguage={french},
  translator={Карабегова, В-К И},
  location={М.},
  publisher={ИЛ},
  year={1960},
  pagetotal={118}
}

@article{bogolyubov1946kinetic,
  title={Кинетические уравнения},
  author={Боголюбов, НН},
  journal={ЖЭТФ},
  volume={16},
  number={8},
  pages={691},
  year={1946}
}

@article{born1946general,
  title={A general kinetic theory of liquids. I. The molecular distribution functions},
  author={Born, Max and Green, HS},
  journal={Proceedings of the Royal Society of London. Series A},
  volume={188},
  number={1012},
  pages={10--18},
  langid={english},
  year={1946},
  publisher={The Royal Society}
}

@article{kirkwood1946statistical,
  title={The statistical mechanical theory of transport processes I. General theory},
  author={Kirkwood, John G},
  journal={The Journal of Chemical Physics},
  volume={14},
  number={3},
  pages={180--201},
  langid={english},
  year={1946},
  publisher={AIP Publishing}
}

@book{yvon1935theorie,
  title={La th{\'e}orie statistique des fluides et l'{\'e}quation d'{\'e}tat},
  author={Yvon, Jacques},
  langid={french},
  year={1935},
  location={Paris},
  publisher={Hermann \& Cie},
  pagetotal={48}
}

@article{grad1949kinetic,
  title={On the kinetic theory of rarefied gases},
  author={Grad, Harold},
  journal={Communications on pure and applied mathematics},
  volume={2},
  number={4},
  pages={331--407},
  langid={english},
  year={1949},
  publisher={Wiley Online Library}
}

@article{nikolskii1963selfsimilar,
  author={Никольский, А А},
  journal={ДАН СССР},
  number={3},
  pages={873-879},
  title={Трехмерное однородное расширение-сжатие разреженного газа со степенными функциями взаимодействия},
  volume={151},
  year={1963}
}

@article{galkin1956solution,
  title={Об одном решении кинетического уравнения Больцмана},
  author={Галкин, В С},
  journal={Прикл. мат. и мех},
  volume={20},
  number={3},
  pages={445--446},
  year={1956}
}

@article{truesdell1956pressures,
  title={On the pressures and flux of energy in a gas according to Maxwell's kinetic theory},
  author={Ikenberry, E and Truesdell, C},
  journal={J. Rat. Mech. Anal.},
  volume={5},
  number={1},
  langid={english},
  year={1956}
}

@article{galkin1956solutions,
  title={О точных решениях уравнений кинетических моментов смеси одноатомных газов},
  author={Галкин, В С},
  journal={Изв. АН СССР. МЖГ},
  number={5},
  pages={41--50},
  year={1966}
}

@article{bobylev1975solution,
  author={Бобылев, А В},
  journal={ДАН СССР},
  number={6},
  pages={1296-1299},
  title={О точных решениях уравнения Больцмана},
  volume={225},
  year={1975}
}

@article{bobylev1984exact,
  title={Точные решения нелинейного уравнения Больцмана и теория релаксации максвелловского газа},
  author={Бобылев, Александр Васильевич},
  journal={Теоретическая и математическая физика},
  volume={60},
  number={2},
  pages={280--310},
  year={1984},
  publisher={Российская академия наук, Отделение математических наук}
}

@article{bhatnagar1954model,
  title={A model for collision processes in gases. I. Small amplitude processes in charged and neutral one-component systems},
  author={Bhatnagar, Prabhu Lal and Gross, Eugene P and Krook, Max},
  journal={Physical review},
  volume={94},
  number={3},
  pages={511},
  langid={english},
  year={1954},
  publisher={APS}
}

@article{welander1954temperature,
  title={On the temperature jump in a rarefied gas},
  author={Welander, Pierre},
  journal={Arkiv fysik},
  volume={7},
  langid={english},
  year={1954}
}

@article{grad1963asymptotic,
  title={Asymptotic theory of the Boltzmann equation},
  author={Grad, Harold},
  journal={Physics of Fluids},
  volume={6},
  number={2},
  pages={147--181},
  langid={english},
  year={1963},
  publisher={AIP Publishing}
}

@article{kogan1976stresses,
  title={О напряжениях, возникающих в газах вследствие неоднородности температуры и концентраций},
  author={Коган, МН and Галкин, ВС and Фридлендер, ОГ},
  journal={Успехи физических наук},
  volume={119},
  number={5},
  pages={111--125},
  year={1976}
}

@article{cercignani1972boltzmann,
  title={On the Boltzmann equation for rigid spheres},
  author={Cercignani, Carlo},
  journal={Transport Theory and Statistical Physics},
  volume={2},
  number={3},
  pages={211--225},
  langid={english},
  year={1972},
  publisher={Taylor \& Francis}
}

@incollection{lanford1975time,
  title={Time evolution of large classical systems},
  author={Lanford III, Oscar E},
  booktitle={Dynamical systems, theory and applications},
  pages={1--111},
  langid={english},
  year={1975},
  publisher={Springer}
}

@article{illner1984boltzmann,
  title={The Boltzmann equation: global existence for a rare gas in an infinite vacuum},
  author={Illner, Reinhard and Shinbrot, Marvin},
  journal={Communications in Mathematical Physics},
  volume={95},
  number={2},
  pages={217--226},
  langid={english},
  year={1984},
  publisher={Springer}
}

@article{diperna1989cauchy,
  title={On the Cauchy problem for Boltzmann equations: global existence and weak stability},
  author={DiPerna, Ronald J and Lions, Pierre-Louis},
  journal={Annals of Mathematics},
  volume={130},
  pages={321--366},
  langid={english},
  year={1989},
  publisher={JSTOR}
}

@article{cercignani1982conjecture,
  title={H-theorem and trend to equilibrium in the kinetic theory of gases},
  author={Cercignani, C},
  journal={Archiv of Mechanics, Archiwum Mechaniki Stosowanej},
  volume={34},
  pages={231--241},
  langid={english},
  year={1982}
}

@inproceedings{yau2010work,
  title={The work of Cedric Villani},
  author={Yau, Horng-Tzer},
  booktitle={International Congress of Mathematicians},
  pages={87-98},
  langid={english},
  year={2010}
}

@article{sone1996ghost,
  title={Inappropriateness of the heat-conduction equation for description of a temperature field of a stationary gas in the continuum limit},
  author={Sone, Yoshio and Aoki, Kazuo and Takata, Shigeru and Sugimoto, Hiroshi and Bobylev, AV},
  journal={Physics of Fluids},
  volume={8},
  number={2},
  pages={628--638},
  langid={english},
  year={1996},
  publisher={AIP Publishing}
}

%%%%%%%%%%%%%%%%%%%%%%%%%%%%%
%%%%% Recent monographs %%%%%
%%%%%%%%%%%%%%%%%%%%%%%%%%%%%

@incollection{grad1958principles,
  title={Principles of the kinetic theory of gases},
  author={Grad, Harold},
  booktitle={Thermodynamics of Gases},
  pages={205--294},
  langid={english},
  year={1958},
  publisher={Springer}
}

@book{kogan1967dynamics,
  title={Динамика разреженного газа},
  author={Коган, Михаил Наумович},
  year={1967},
  location={М.},
  publisher={Наука},
  pagetotal={440}
}

@book{cercignani1973mathematical,
  title={Математические методы в кинетической теории газов},
  author={Черчиньяни, Карло},
  editor={Когана, М Н},
  translator={Галкина, В С and Перепухова, В А and Фридлендера, О Г},
  origlanguage={english},
  year={1973},
  location={М.},
  publisher={Мир},
  pagetotal={245}
}

@book{cercignani1978applications,
  title={Теория и приложения уравнения Больцмана},
  author={Черчиньяни, Карло},
  editor={Баранцева, Р Г},
  translator={Гурмузовой, Э А and Мемнонова, В П and Скворцова, Г Е and Эндер, И А},
  origlanguage={english},
  year={1978},
  location={М.},
  publisher={Мир},
  pagetotal={495}
}

@book{cercignani1988boltzmann,
  title={The Boltzmann equation and its applications},
  author={Cercignani, Carlo},
  langid={english},
  year={1988},
  publisher={Springer},
  pagetotal={455}
}

@book{cercignani1994mathematical,
  title={The mathematical theory of dilute gases},
  author={Cercignani, Carlo and Illner, Reinhard and Pulvirenti, Mario},
  langid={english},
  year={1994},
  publisher={Springer},
  pagetotal={349}
}

@incollection{villani2002review,
  author={Villani, C{\'e}dric},
  title={A review of mathematical topics in collisional kinetic theory},
  editor={S. Friedlander and D. Serre},
  booktitle={Handbook of Mathematical Fluid Dynamics},
  publisher={North-Holland},
  volume={1},
  volumes={4},
  pages={71--305},
  langid={english},
  year={2002},
  doi={http://dx.doi.org/10.1016/S1874-5792(02)80004-0}
} 

@book{sone2002kinetic,
  title={Kinetic theory and fluid dynamics},
  author={Sone, Yoshio},
  langid={english},
  year={2002},
  publisher={Springer},
  pagetotal={368}
}

@book{karniadakis2006microflows,
  title={Microflows and Nanoflows: fundamentals and simulation},
  author={Karniadakis, George and Beskok, Ali and Aluru, Narayan},
  langid={english},
  year={2006},
  publisher={Springer},
  pagetotal={818}
}

@book{sone2007molecular,
  title={Molecular gas dynamics: theory, techniques, and applications},
  author={Sone, Yoshio},
  langid={english},
  year={2007},
  publisher={Springer},
  pagetotal={658}
}
