@mvbook{brush1976kind,
  title={The kind of motion we call heat},
  author={Brush, Stephen G},
  edition={2},
  langid={english},
  year={1986},
  publisher={Elsevier}
}
    
@inbook{brush1976kind1,
  title={Physics and the Atomists},
  volume={1},
  pagetotal={299},
  crossref={brush1976kind}
}
    
@inbook{brush1976kind2,
  title={Statistical Physics and Irreversible Processes},
  volume={2},
  pagetotal={467},
  crossref={brush1976kind}
}

@book{brush2003kinetic,
  author={Brush, Stephen G},
  editor={Nancy S Hall},
  title={The Kinetic Theory of Gases: An Anthology of Classic Papers with Historical Commentary},
  location={London},
  publisher={Imperial College Press},
  langid={english},
  year={2003},
  pagetotal={668}
}

@book{brush1972kinetic,
  title={The Chapman-Enskog solution of the transport equation for moderately dense gases},
  author={Brush, Stephen G},
  langid={english},
  year={1972},
  publisher={Pergamon Press},
  pagetotal={283}
}

@book{maxwell1986atom,
  editor={Франкфурт, У И},
  editortype={compiler},
  title={Статьи и речи},
  author={Джемс Клерк Максвелл},
  year={1968},
  location={М.},
  publisher={Наука},
  pagetotal={420}
}

@article{mendoza1961kinetic,
  title={A sketch for a history of the kinetic theory of gases},
  author={Mendoza, Eric},
  journal={Physics Today},
  volume={14},
  number={3},
  pages={36--39},
  langid={english},
  year={1961},
  publisher={American Institute of Physics}
}

@article{mendoza1961thermodynamics,
  title={A sketch for a history of early thermodynamics},
  author={Mendoza, Eric},
  journal={Physics Today},
  volume={14},
  number={2},
  pages={32--42},
  langid={english},
  year={1961},
  publisher={American Institute of Physics}
}

@book{mahon2003maxwell,
  title={The Man Who Changed Everything: The Life of James Clerk Maxwell},
  author={Mahon, Basil},
  langid={english},
  year={2003},
  publisher={John Wiley \& Sons},
  pagetotal={256}
}

@book{cercignani2006boltzmann,
  title={Ludwig Boltzmann: The Man Who Trusted Atoms},
  author={Cercignani, Carlo},
  langid={english},
  year={2006},
  publisher={Oxford University Press},
  pagetotal={348}
}

@book{кузнецов1961эволюция,
  title={Эволюция картины мира},
  author={Кузнецов, Борис Григорьевич},
  year={1961},
  location={М.},
  publisher={Изд-во АН СССР},
  pagetotal={352}
}

@article{вавилов1946физика,
  title={Физика Лукреция},
  author={Вавилов, СИ},
  journal={УФН},
  volume={29},
  pages={161--178},
  year={1946}
}

@book{ben2009historical,
  title={Historical Encyclopedia of Natural and Mathematical Sciences},
  author={Ben-Menahem, Ari},
  volumes={6},
  langid={english},
  year={2009},
  publisher={Springer},
  pagetotal={5988}
}

@book{зубов1965развитие,
  title={Развитие атомистических представлений до начала XIX века},
  author={Зубов, Василий Павлович},
  year={1965},
  location={М.},
  publisher={Наука},
  pagetotal={372}
}

@article{ельяшевич1981вклад,
  author = {М. А. Ельяшевич and Т. С. Протько},
  title = {Вклад Максвелла в развитие молекулярной физики и статистических методов},
  year = {1981},
  journal = {УФН},
  volume = {135},
  number = {11},
  pages = {381-423}
}

@article{боголюбов1957людвиг,
  author = {Н. Н. Боголюбов and Ю. В. Саночкин},
  title = {Людвиг Больцман},
  year = {1957},
  journal = {УФН},
  volume = {61},
  number = {1},
  pages = {7-15}
}

@book{blackmore1995ludwig,
  title={Ludwig Boltzmann. His Later Life and Philosophy, 1900--1906. Book One: A Documentary History},
  author={Blackmore, John},
  langid={english},
  year={1995},
  location={Dortrecht},
  publisher={Kluwer Academic Publishers},
  pagetotal={272}
}

@incollection{uffink2014boltzmann,
  author={Uffink, Jos},
  title={Boltzmann's Work in Statistical Physics},
  booktitle={The Stanford Encyclopedia of Philosophy},
  editor={Edward N. Zalta},
  langid={english},
  year={2014}
}

@book{лысенко1986философия,
  title={<<Философия природы>> в Индии: атомизм школы вайшешика},
  author={Лысенко, Виктория Георгиевна},
  year={1986},
  location={М.},
  publisher={Наука},
  pagetotal={200}
}

@article{weinberger2013discovery,
  title={The discovery of thermodynamics},
  author={Weinberger, Peter},
  journal={Philosophical Magazine},
  volume={93},
  number={20},
  pages={2576--2612},
  langid={english},
  year={2013},
  publisher={Taylor \& Francis}
}
