%%%%%%%%%%%%%%%%%%%%%%%
%%% Sone and others %%%
%%%%%%%%%%%%%%%%%%%%%%%

@BOOK{Sone2007,
  title = {Molecular gas dynamics: theory, techniques, and applications},
  address = {Boston},
  publisher = {Birkh\"{a}user},
  year = {2007},
  langid={english},
  author = {Sone, Y.}
}

@BOOK{Sone2002,
  title = {Kinetic theory and fluid dynamics},
  address = {Boston},
  publisher = {Birkh\"{a}user},
  year = {2002},
  langid={english},
  author = {Sone, Yoshio}
}

@ARTICLE{Sone1996,
  author = {Sone, Yoshio and Aoki, Kazuo and Takata, Shigeru and Sugimoto, Hiroshi
	and Bobylev, AV},
  title = {{Inappropriateness of the heat-conduction equation for description
	of a temperature field of a stationary gas in the continuum limit:
	Examination by asymptotic analysis and numerical computation of the
	Boltzmann equation}},
  journal = {Phys. Fluids},
  year = {1996},
  volume = {8},
  langid={english},
  pages = {628}
}

@inproceedings{Aoki2006,
    title={Thermal creep of a slightly rarefied gas through a channel with curved boundary},
    author={Laneryd, Carl-Johan Tor and Aoki, K and Degond, P and Mieussens, L},
    booktitle={Rarefied Gas Dynamics},
    editor={Ivanov, M S and Rebrov, A K},
    year={2007},
    publisher={Siberian Branch of the Russian Academy of Sciences},
    address={Novosibirsk},
    langid={english},
    pages={1111-1116}
}

@article{Aoki2007,
    title={Slow flows of a vapor-gas mixture with large density and temperature variations in the near-continuum regime},
    author={Laneryd, Carl-Johan Tor and Aoki, Kazuo and Takata, Shigeru},
    journal={Phys. Fluids},
    volume={19},
    pages={107104},
    langid={english},
    year={2007}
}

@article{Takata2015second,
  title={{Second-order Knudsen-layer analysis for the generalized slip-flow theory I}},
  author={Hattori, Masanari and Takata, Shigeru},
  journal={Bull. Inst. Math. Acad. Sinica},
  volume={10},
  pages={423--448},
  langid={english},
  year={2015}
}

@article{Takata2015curvature,
  title={{Second-order Knudsen-layer analysis for the generalized slip-flow theory II: curvature effects}},
  author={Hattori, Masanari and Takata, Shigeru},
  journal={J. Stat. Phys.},
  volume={161},
  number={4},
  pages={1010--1036},
  year={2015},
  langid={english},
  publisher={Springer}
}

@misc{Takata2015,
author = {Takata, Shigeru and Hattori, Masanari},
title = {{Numerical data for the generalized slip-flow theory}},
howpublished = "\url{http://hdl.handle.net/2433/199811}",
langid={english},
year = {2015}
}

@article{Ohwada1989creep,
author = {Ohwada, Taku and Sone, Yoshio and Aoki, Kazuo},
journal = {Phys. Fluids A},
number = {9},
pages = {1588--1599},
title = {{Numerical analysis of the shear and thermal creep flows of a rarefied gas over a plane wall on the basis of the linearized Boltzmann equation for hard-sphere molecules}},
doi = {10.1063/1.857304},
volume = {1},
langid={english},
year = {1989}
}
@article{Ohwada1989jump,
title={{Temperature jump and Knudsen layer in a rarefied gas over a plane wall: Numerical analysis of the linearized Boltzmann equation for hard-sphere molecules}},
author={Sone, Yoshio and Ohwada, Taku and Aoki, Kazuo},
journal={Phys. Fluids A},
volume={1},
number={2},
pages={363--370},
doi = {10.1063/1.857457},
year={1989},
langid={english},
publisher={AIP Publishing}
}
@article{Ohwada1992,
author = {Ohwada, Taku and Sone, Yoshio},
journal = {Eur. J. Mech. B/Fluids},
pages = {389--414},
title = {{Analysis of thermal stress slip flow and negative thermophoresis using the Boltzmann equation for hard-sphere molecules}},
volume = {11},
langid={english},
year = {1992}
}
@article{Sone1970,
title={Flow of rarefied gas over plane wall},
author={Sone, Yoshio and Yamamoto, Kyoji},
journal={J. Phys. Soc. Japan},
volume={29},
number={2},
pages={495--508},
doi={10.1143/JPSJ.29.495},
year={1970},
langid={english},
publisher={The Physical Society of Japan}
}
@article{Sone1998,
  author = {Aoki, K and Sone, Y and Waniguchi, Y},
  title = {A rarefied gas flow induced by a temperature field: Numerical analysis
    of the flow between two coaxial elliptic cylinders with different
    uniform temperatures},
  journal = {Comput. Math. Appl.},
  year = {1998},
  volume = {35},
  pages = {15--28},
  number = {1},
  langid={english},
  publisher = {Elsevier}
}


%%%%%%%%%%%%%%%%%%%%%%%%%
%%% Projection method %%%
%%%%%%%%%%%%%%%%%%%%%%%%%

@article{Tcheremissine1997,
  title={Консервативный метод вычисления интеграла столкновений Больцмана},
  author={Черемисин, Ф Г},
  journal={Доклады РАН},
  volume={357},
  number={1},
  pages={1--4},
  langid={russian},
  year={1997}
}

@article{Tcheremissine2000,
  title={Решение уравнение уравнения Больцмана при переходе к гидродинамическому режиму течения},
  author={Черемисин, Ф Г},
  journal={Доклады РАН},
  volume={373},
  number={4},
  year={2000},
  langid={russian},
  pages={483--486}
}

@article{Tcheremissine2006,
  title={Решение кинетического уравнения Больцмана для высокоскоростных течений},
  author={Черемисин, Ф Г},
  journal={Ж. вычисл. матем. и матем. физ.},
  volume={46},
  number={2},
  pages={329--343},
  year={2006},
  langid={russian},
  publisher={Российская академия наук, Отделение математических наук}
}

@article{Anikin2012,
  title={О точности проекционного счёта интеграла столкновений},
  author={Аникин, Юрий Александрович},
  journal={Ж. вычисл. матем. и матем. физ.},
  volume={52},
  number={4},
  pages={697--719},
  year={2012},
  langid={russian},
  publisher={Российская академия наук, Отделение математических наук}
}

@article{Dodulad2012,
author = {Dodulad, Oleg I and Tcheremissine, Felix G},
journal = {AIP Conf. Proc.},
pages = {302--309},
title = {{Multipoint conservative projection method for computing the Boltzmann collision integral for gas mixtures}},
doi = {10.1063/1.4769529},
volume = {1501},
langid={english},
year = {2012}
}

@article{Dodulad2013,
  title={Расчёты структуры ударной волны в одноатомном газе с контролем точности},
  author={Додулад, О И and Черемисин, Ф Г},
  journal={Ж. вычисл. матем. и матем. физ.},
  volume={53},
  number={6},
  pages={1008--1026},
  year={2013},
  langid={russian},
  publisher={Российская академия наук, Отделение математических наук}
}

@article{Dodulad2015,
author = {Anikin, {\relax Yu}ry A and Dodulad, Oleg I and Kloss, {\relax Yu}ry {\relax Yu} and Tcheremissine, Felix G},
journal = {Int. J. Comput. Math.},
volume = {92},
number = {9},
pages = {1775-1789},
publisher = {Taylor \& Francis},
title = {{Method of calculating the collision integral and solution of the Boltzmann kinetic equation for simple gases, gas mixtures and gases with rotational degrees of freedom}},
doi = {10.1080/00207160.2014.909033},
langid={english},
year = {2015}
}

@article{Rogozin2016,
  author = {Rogozin, Oleg},
  title = {{Numerical analysis of the nonlinear plane Couette-flow problem of a rarefied gas for hard-sphere molecules}},
  journal = {Eur. J. Mech. B/Fluids},
  year={2016},
  volume={60},
  pages={148--163},
  langid={english},
  doi={10.1016/j.euromechflu.2016.06.011}
}

@article{Popov2001,
  title={Пример совместного численного решения уравнений Больцмана и Навье-Стокса},
  author={Попов, С П and Черемисин, Ф Г},
  journal={Ж. вычисл. матем. и матем. физ.},
  volume={41},
  number={3},
  pages={489--500},
  year={2001},
  langid={russian},
  publisher={Российская академия наук, Отделение математических наук}
}

@article{Kloss2010,
  author = {Anikin, {\relax Yu} A and Derbakova, E P and Dodulad, O I and Kloss, {\relax Yu} {\relax Yu}
	and Martynov, D V and Rogozin, O A and Shuvalov, P V and Tcheremissine, F G},
  title = {Computing of Gas Flows in Micro- and Nanoscale Channels on the Base
	of the Boltzmann Kinetic Equation},
  journal = {Procedia Computer Science},
  year = {2010},
  volume = {1},
  pages = {735--744},
  number = {1},
  langid={english},
  doi={10.1016/j.procs.2010.04.079}
}

@article{Kloss2011,
  title={Проблемно-моделирующая среда для расчетов и анализа газокинетических процессов},
  author={Додулад, О И and Клосс, Ю Ю and Мартынов, Д В and Рогозин, О А and Pябченков, В В and Черемисин, Ф Г and Шувалов, П В},
  journal={Нано- и микросистемная техника},
  number={2},
  year={2011},
  langid={russian},
  publisher={Новые технологии}
}

@article{Kloss2012,
  title={Development of applied software for analysis of gas flows in vacuum devices},
  author={Anikin, {\relax Yu} A and Dodulad, OI and Kloss, {\relax Yu} {\relax Yu} and Martynov, DV and Shuvalov, PV and Tcheremissine, FG},
  journal={Vacuum},
  volume={86},
  number={11},
  pages={1770--1777},
  year={2012},
  langid={english},
  publisher={Elsevier}
}

@article{Korobov1959,
  title={О приближенном вычислении кратных интегралов},
  author={Коробов, Н М},
  journal={ДАН СССР},
  volume={124},
  number={6},
  pages={1207--1210},
  langid={russian},
  year={1959}
}

@book{Sloan1994,
  author = {Sloan, Ian H and Joe, Stephen},
  publisher = {Oxford University Press},
  title = {{Lattice methods for multiple integration}},
  langid={english},
  year = {1994}
}

%%%%%%%%%%%%%%%%%%%%%%%%%%%%%%%%
%%% Soviet and Russian works %%%
%%%%%%%%%%%%%%%%%%%%%%%%%%%%%%%%

@article{Kogan1970,
  title={{О некоторых кинетических эффектах в течениях сплошной среды}},
  author={Галкин, В С and Коган, М Н and Фридлендер, О Г},
  journal={Изв. АН СССР. МЖГ},
  number={3},
  volume={5},
  pages={13--21},
  langid={russian},
  year={1970}
}

@article{Kogan1971,
  title={{О свободной конвекции в газе в отсутствие внешних сил}},
  author={Галкин, В С and Коган, М Н and Фридлендер, О Г},
  journal={Изв. АН СССР. МЖГ},
  number={3},
  pages={198--107},
  volume={6},
  langid={russian},
  year={1971}
}

@article{Kogan1972mix,
  title={{О концентрационно-стрессовой конвекции и некоторых свойствах медленных течений смесей газов}},
  author={Галкин, В С and Коган, М Н and Фридлендер, О Г},
  journal={Изв. АН СССР. МЖГ},
  volume={7},
  number={2},
  pages={113--118},
  langid={russian},
  year={1972}
}

@article{Kogan1972,
  title={{Обтекание сильно нагретой сферы потоком газа при малых числах Рейнольдса}},
  author={Галкин, В С and Коган, М Н and Фридлендер, О Г},
  journal={Прикл. математика и механика},
  volume={36},
  number={5},
  pages={880--885},
  langid={russian},
  year={1972}
}

@article{Rudyak1973,
  author={Рудяк, В Я},
  title={{О выводе уравнений движения слабо разреженного газа около сильно нагретых тел из уравнения Больцмана}},
  journal={ПМТФ},
  year={1973},
  pages={52--56},
  langid={russian},
  number={5}
}

@article{Friedlander1974,
  title={{Силы, действующие на тела в газе и обусловленные барнеттовскими напряжениями}},
  author={Галкин, В С and Фридлендер, О Г},
  journal={Прикл. математика и механика},
  pages={271--283},
  volume={38},
  number={2},
  langid={russian},
  year={1974}
}

@article{Galkin1974,
  author={Галкин, В С},
  title={{Вывод уравнений медленных течений смесей газов из уравнения Больцмана}},
  journal={Ученые записки ЦАГИ},
  year={1974},
  pages={40--47},
  volume={5},
  langid={russian},
  number={4}
}

@article{Kogan1976,
  title={{О напряжениях, возникающих в газах вследствие неоднородности температуры и концентраций. Новые типы свободной конвекции}},
  author={Коган, М Н and Галкин, В С and Фридлендер, О Г},
  journal={Успехи физических наук},
  volume={119},
  pages={111--125},
  langid={russian},
  year={1976}
}

@article{Friedlander1978,
  author={Жбакова, А В and Фридлендер, О Г},
  title={Теплопередача в медленных течениях газа},
  journal={Ученые записки ЦАГИ},
  year={1978},
  pages={125--128},
  volume={9},
  langid={russian},
  number={5}
}

@article{Galkin1979,
  title={К выводу уравнений медленных неизотермических течений газа},
  author={Галкин, В С and Коган, М Н},
  journal={Изв. АН СССР. МЖГ},
  volume={14},
  number={6},
  pages={77--84},
  langid={russian},
  year={1979}
}

@article{Kogan1992,
  title={Kinetic theory in aerothermodynamics},
  author={Kogan, M N},
  journal={Progress in Aerospace Sciences},
  volume={29},
  number={4},
  pages={271--354},
  year={1992},
  langid={english},
  publisher={Elsevier}
}

@article{Bobylev1995,
  title={{Quasistationary hydrodynamics for the Boltzmann equation}},
  author={Bobylev, A V},
  journal={Journal of statistical physics},
  volume={80},
  number={5-6},
  pages={1063--1083},
  year={1995},
  langid={english},
  publisher={Springer}
}

@incollection{Friedlander1997,
  title={Thermal stress effect and its experimental detection},
  author={Alexandrov, V and Boris, A and Friedlander, O and Kogan, M and Nikolsky, {\relax Yu} and Perminov, V},
  booktitle={Rarefied Gas Dynamics},
  editor={Ching Shen},
  publisher={Peking University Press},
  chapter={Rarefied Flow Studies},
  address={Beijing, China},
  pages={79--84},
  langid={english},
  year={1997}
}

@incollection{Friedlander2003,
  title={Numerical and experimental investigations of thermal stress effect on nonlinear thermomolecular pressure difference},
  author={Alexandrov, Victor {\relax Yu} and Friedlander, Oscar G and Nikolsky, {\relax Yu}rii V},
  booktitle={Rarefied Gas Dynamics},
  editor={Ketsdever, A D and Muntz, E P},
  publisher={AIP},
  chapter={Rarefied Flow Studies},
  address={New York},
  pages={250--257},
  langid={english},
  year={2003}
}

@article{Alexandrov2002,
  title={Численное исследование влияния температурных напряжений на нелинейный эффект термомолекулярной разности давлений},
  author={Александров, В Ю},
  journal={Изв. РАН. МЖГ},
  volume={37},
  number={6},
  year={2002},
  langid={russian},
  pages={148--161}
}

@article{Alexandrov2008a,
  title={Температурное силовое взаимодействие сферических частиц},
  author={Александров, В Ю and Ерофеев, А И and Коган, М Н and Фридлендер, О Г},
  journal={Изв. РАН. МЖГ},
  volume={43},
  number={2},
  year={2008},
  langid={russian},
  pages={183--188}
}

@article{Alexandrov2008b,
  title={Медленные течения газа и эффект отрицательного сопротивления сильно нагретой сферической частицы},
  author={Александров, В Ю and Фридлендер, О Г},
  journal={Изв. РАН. МЖГ},
  volume={43},
  number={3},
  year={2008},
  langid={russian},
  pages={168--177}
}

@article{Rykov2008,
  title={Кинетическая модель уравнения Больцмана, содержащая предельные режимы течений газа при малых числах Кнудсена},
  author={Ларина, И Н and Рыков, В А},
  journal={Ж. вычисл. матем. и матем. физ.},
  volume={48},
  number={7},
  pages={1294--1308},
  year={2008},
  langid={russian},
  publisher={Российская академия наук, Отделение математических наук}
}

@article{Alexandrov2011,
  title={{Сопротивление сильно нагретой сферы при малых числах Рейнольдса}},
  author={Александров, В Ю},
  journal={Изв. РАН. МЖГ},
  volume={46},
  number={5},
  year={2011},
  langid={russian},
  pages={142--156}
}

@article{Galkin2015,
  title={Уравнения газодинамики медленных неоднородных по температуре и концентрациям течений смесей многоатомных газов},
  author={Галкин, B C and Русаков, С В},
  journal={Прикл. математика и механика},
  volume={79},
  number={2},
  pages={218--235},
  langid={russian},
  year={2015}
}

%%%%%%%%%%%%%%%%%%%%%
%%%  Mathematics  %%%
%%%%%%%%%%%%%%%%%%%%%

@article{Maslova1982,
  title={{Задача Крамерса в кинетической теории газов}},
  author={Маслова, Нина Борисовна},
  journal={Ж. вычисл. матем. и матем. физ.},
  volume={22},
  number={3},
  pages={700--709},
  year={1982},
  langid={russian},
  publisher={Российская академия наук, Отделение математических наук}
}

@article{Bardos1986,
  title={{The Milne and Kramers problems for the Boltzmann equation of a hard sphere gas}},
  author={Bardos, Claude and Caflisch, Russel E and Nicolaenko, Basil},
  journal={Comm. Pure Appl. Math.},
  volume={39},
  number={3},
  pages={323--352},
  year={1986},
  langid={english},
  publisher={Wiley Online Library}
}

@article{Levermore2012,
  title={{A low Mach number limit of a dispersive Navier--Stokes system}},
  author={Levermore, C David and Sun, Weiran and Trivisa, Konstantina},
  journal={SIAM J. Math. Anal.},
  volume={44},
  number={3},
  pages={1760--1807},
  year={2012},
  langid={english},
  publisher={SIAM}
}

@article{Tan2016,
  title={{Blow up criterion for the 3D ghost effect system}},
  author={Tan, Wenke},
  journal={Nonlinear Anal.-Real},
  volume={29},
  pages={58--67},
  year={2016},
  langid={english},
  publisher={Elsevier}
}

%%%%%%%%%%%%%%%%
%%% OpenFOAM %%%
%%%%%%%%%%%%%%%%

@ARTICLE{Tabor1998,
  author = {Weller, Henry G and Tabor, G and Jasak, Hrvoje and Fureby, C},
  title = {A tensorial approach to computational continuum mechanics using object-oriented
	techniques},
  journal = {Comput. Phys.},
  year = {1998},
  volume = {12},
  langid={english},
  pages = {620}
}

@article{Rogozin2014,
  title={Computer simulation of slightly rarefied gas flows driven by significant temperature variations and their continuum limit},
  author={Rogozin, O A},
  journal={Theor. Comput. Fluid Dyn.},
  volume={28},
  number={6},
  pages={573--587},
  year={2014},
  langid={english},
  publisher={Springer}
}

%%%%%%%%%%%%%%%%%
%%%   Other   %%%
%%%%%%%%%%%%%%%%%

@book{Chapman1960,
  title={Математическая теория неоднородных газов},
  author={Чепмен, С and Каулинг, Т},
  address={М.},
  publisher={ИЛ},
  langid={russian},
  year={1960}
}

@article{Burnett1935,
  title={The distribution of velocities in a slightly non-uniform gas},
  author={Burnett, D},
  journal={P. London Math. Soc.},
  volume={2},
  number={1},
  pages={385--430},
  year={1935},
  langid={english},
  publisher={Oxford University Press}
}

@article{Wu2015,
  title={A fast spectral method for the Boltzmann equation for monatomic gas mixtures},
  author={Wu, Lei and Zhang, Jun and Reese, Jason M and Zhang, Yonghao},
  journal={J. Comput. Phys.},
  volume={298},
  pages={602--621},
  year={2015},
  langid={english},
  publisher={Elsevier}
}

@article{gmsh2009,
  author = {Geuzaine, Christophe and Remacle, Jean-Fran{\c{c}}ois},
  title = {Gmsh: A 3-{D} finite element mesh generator with built-in pre- and post-processing
    facilities},
  journal = {Int. J. Numer. Meth. Eng.},
  year = {2009},
  volume = {79},
  pages = {1309--1331},
  number = {11},
  langid={english},
  publisher = {Wiley Online Library}
}

@article{Welander1954,
author = {Welander, P},
title = {On the temperature jump in a rarefied gas},
journal = {Ark. Fys.},
year = {1954},
pages = {507-553},
langid={english},
volume = {7}
}
@article{Krook1954,
author = {Bhatnagar, P L and Gross, E P and Krook, M},
title = {A model for collision processes in gases. I. Small amplitude processes in charged and neutral one-component systems},
journal = {Phys. Rev.},
year = {1954},
volume = {94},
pages = {511--525},
doi = {10.1103/PhysRev.94.511},
langid={english},
publisher = {American Physical Society},
}

@article{Dimarco2014,
author = {Dimarco, Giacomo and Pareschi, Lorenzo},
journal = {Acta Numer.},
pages = {369--520},
publisher = {Cambridge Univ Press},
title = {{Numerical methods for kinetic equations}},
doi = {10.1017/S0962492914000063},
volume = {23},
langid={english},
year = {2014}
}
@article{Mieussens2014,
author = {Mieussens, Luc},
journal = {AIP Conf. Proc.},
pages = {943--951},
title = {{A survey of deterministic solvers for rarefied flows}},
doi = {10.1063/1.4902695},
volume = {1628},
langid={english},
year = {2014}
}

