% This file was created with JabRef 2.7b.
% Encoding: UTF-8

@ARTICLE{Tcheremissine2010,
  author = {Anikin, {\relax Yu} A and Derbakova, E P and Dodulad, O I and Kloss, {\relax Yu} {\relax Yu}
	and Martynov, D V and Rogozin, O A and Shuvalov, P V and Tcheremissine, F G},
  title = {Computing of Gas Flows in Micro- and Nanoscale Channels on the Base
	of the Boltzmann Kinetic Equation},
  journal = {Procedia Computer Science},
  year = {2010},
  volume = {1},
  pages = {735--744},
  number = {1},
  doi={10.1016/j.procs.2010.04.079}
}

@PATENT{Rogozin2010p2,
  nationality = {Russia},
  number = {2010613640},
  year = {2010},
  author = {Anikin, {\relax Yu} A and Derbakova, E P and Khokhlov, N I and Kloss, {\relax Yu} {\relax Yu}
	and Rogozin, O A and Shuvalov, P V and Tcheremissine, F G},
  title = {BKViewer -- Software for Visualizating the Simulation Results of
	Phenomena in a Rarefied Gas}
}

@BOOK{Anikin2011,
  title = {Introduction to Numerical Methods in Rarefied Gas Dynamics},
  publisher = {Fiztekh-polygraph},
  year = {2011},
  author = {Anikin, {\relax Yu} A and Kloss, {\relax Yu} {\relax Yu} and Rogozin, O A and Sazykina, T A
	and Tcheremissine, F G},
  pages = {80}
}

@PATENT{Rogozin2010p1,
  nationality = {Russia},
  number = {2010613639},
  year = {2010},
  author = {Derbakova, E P and Kloss, {\relax Yu} {\relax Yu} and Rogozin, O A and Shuvalov, P V
	and Tcheremissine, F G},
  title = {Rogsolv -- Software for Simulating Gas Kinetic Processes on the Basis
	of the Numerical Solution of the Boltzmann Equation}
}

@ARTICLE{Rogozin2011,
  author = {Dodulad, O I and Kloss, {\relax Yu} {\relax Yu} and Martynov, D V and Rogozin, O A
	and Ryabchenkov, V V and Shuvalov, P V and Tcheremissine, F G},
  title = {Problem Solving Environment for Computing and Analysing the Gas Kinetic
	Processes},
  journal = {Nano and Microsystem Technique},
  year = {2011},
  pages = {12--17},
  number = {2}
}

@ARTICLE{Rogozin2010,
  author = {Kloss, {\relax Yu} {\relax Yu} and Rogozin, O A and Tcheremissine, F G},
  title = {Computer Simulation of the Multistage Knudsen Micropump in Plane
	Geometry},
  journal = {Nano and Microsystem Technique},
  year = {2010},
  pages = {24--31},
  number = {6}
}

@article{Rogozin2014,
  eprinttype={arxiv},
  eprint={1410.6711},
  title={Computer simulation of slightly rarefied gas flows driven by significant temperature variations and their continuum limit},
  author={Rogozin, Oleg},
  journal={Theoretical and Computational Fluid Dynamics},
  volume={28},
  number={6},
  pages={573--587},
  year={2014},
  doi={10.1007/s00162-014-0334-5},
  publisher={Springer}
}

@article{Rogozin2016,
  title={Numerical analysis of the nonlinear plane Couette-flow problem of a rarefied gas for hard-sphere molecules},
  author={Rogozin, Oleg},
  journal={European Journal of Mechanics B/Fluids},
  year={2016},
  volume={60},
  pages={148--163},
  doi={10.1016/j.euromechflu.2016.06.011}
}

@article{Rogozin2017,
  eprinttype={arxiv},
  eprint={1701.05811},
  title={Slow non-isothermal flows: numerical and asymptotic analysis of the Boltzmann equation},
  author={Rogozin, O A},
  journal={Computational Mathematics and Mathematical Physics},
  volume={57},
  number={7},
  pages={1201--1224},
  year={2017}
}

