% Encoding: UTF-8

@Article{Rogozin2014,
  author     = {Rogozin, Oleg},
  journal    = {Theoretical and Computational Fluid Dynamics},
  title      = {Computer simulation of slightly rarefied gas flows driven by significant temperature variations and their continuum limit},
  year       = {2014},
  number     = {6},
  pages      = {573--587},
  volume     = {28},
  doi        = {10.1007/s00162-014-0334-5},
  eprint     = {1410.6711},
  eprinttype = {arxiv},
  publisher  = {Springer},
}

@Article{Rogozin2016,
  author  = {Rogozin, Oleg},
  journal = {European Journal of Mechanics B/Fluids},
  title   = {Numerical analysis of the nonlinear plane Couette-flow problem of a rarefied gas for hard-sphere molecules},
  year    = {2016},
  pages   = {148--163},
  volume  = {60},
  doi     = {10.1016/j.euromechflu.2016.06.011},
}

@Article{Rogozin2017,
  author     = {Rogozin, O A},
  journal    = {Computational Mathematics and Mathematical Physics},
  title      = {Slow non-isothermal flows: numerical and asymptotic analysis of the Boltzmann equation},
  year       = {2017},
  number     = {7},
  pages      = {1201--1224},
  volume     = {57},
  doi        = {10.1134/S0965542517060112},
  eprint     = {1701.05811},
  eprinttype = {arxiv},
}

@Article{Rogozin2020dvmlbm,
  author     = {Aristov, V V and Ilyin, O V and Rogozin, O A},
  journal    = {Journal of Computational Science},
  title      = {Kinetic multiscale scheme based on the discrete-velocity and lattice-Boltzmann methods},
  year       = {2020},
  pages      = {101064},
  volume     = {40},
  doi        = {10.1016/j.jocs.2019.101064},
  eprint     = {1806.09225},
  eprinttype = {arxiv},
  langid     = {english},
}

@Article{ma14010115,
  author  = {Filimonov, Aleksandr M. and Rogozin, Oleg A. and Firsov, Denis G. and Kuzminova, Yulia O. and Sergeev, Semen N. and Zhilyaev, Alexander P. and Lerner, Marat I. and Toropkov, Nikita E. and Simonov, Alexey P. and Binkov, Ivan I. and Okulov, Ilya V. and Akhatov, Iskander S. and Evlashin, Stanislav A.},
  journal = {Materials},
  title   = {Hardening of Additive Manufactured 316L Stainless Steel by Using Bimodal Powder Containing Nanoscale Fraction},
  year    = {2021},
  number  = {1},
  pages   = {115},
  volume  = {14},
  doi     = {10.3390/ma14010115},
}

@Comment{jabref-meta: databaseType:bibtex;}
