% Encoding: UTF-8

@Article{Tcheremissine2010,
  author  = {Anikin, Yu A and Derbakova, E P and Dodulad, O I and Kloss, Yu Yu and Martynov, D V and Rogozin, O A and Shuvalov, P V and Tcheremissine, F G},
  title   = {Computing of Gas Flows in Micro- and Nanoscale Channels on the Base of the Boltzmann Kinetic Equation},
  journal = {Procedia Computer Science},
  year    = {2010},
  volume  = {1},
  number  = {1},
  pages   = {735--744},
  doi     = {10.1016/j.procs.2010.04.079},
}

@Patent{Rogozin2010p2,
  author      = {Anikin, Yu A and Derbakova, E P and Khokhlov, N I and Kloss, Yu Yu and Rogozin, O A and Shuvalov, P V and Tcheremissine, F G},
  title       = {BKViewer -- Software for Visualizating the Simulation Results of Phenomena in a Rarefied Gas},
  number      = {2010613640},
  year        = {2010},
  nationality = {Russia},
}

@Book{Anikin2011,
  author    = {Anikin, Yu A and Kloss, Yu Yu and Rogozin, O A and Sazykina, T A and Tcheremissine, F G},
  title     = {Introduction to Numerical Methods in Rarefied Gas Dynamics},
  year      = {2011},
  publisher = {Fiztekh-polygraph},
  pages     = {80},
}

@Patent{Rogozin2010p1,
  author      = {Derbakova, E P and Kloss, Yu Yu and Rogozin, O A and Shuvalov, P V and Tcheremissine, F G},
  title       = {Rogsolv -- Software for Simulating Gas Kinetic Processes on the Basis of the Numerical Solution of the Boltzmann Equation},
  number      = {2010613639},
  year        = {2010},
  nationality = {Russia},
}

@Article{Rogozin2011,
  author  = {Dodulad, O I and Kloss, Yu Yu and Martynov, D V and Rogozin, O A and Ryabchenkov, V V and Shuvalov, P V and Tcheremissine, F G},
  title   = {Problem Solving Environment for Computing and Analysing the Gas Kinetic Processes},
  journal = {Nano and Microsystem Technique},
  year    = {2011},
  number  = {2},
  pages   = {12--17},
}

@Article{Rogozin2010,
  author  = {Kloss, Yu Yu and Rogozin, O A and Tcheremissine, F G},
  title   = {Computer Simulation of the Multistage Knudsen Micropump in Plane Geometry},
  journal = {Nano and Microsystem Technique},
  year    = {2010},
  number  = {6},
  pages   = {24--31},
}

@InProceedings{Ilyin2017,
  author    = {Aristov, Vladimir V. and Ilyin, Oleg V. and Rogozin, Oleg A.},
  title     = {Fluid-kinetic coupling of the BGK and lattice Boltzmann equations},
  booktitle = {7th European Conference for Aeronautics and Aerospace Sciences},
  year      = {2017},
  doi       = {10.13009/EUCASS2017-652},
}

@InProceedings{Rogozin2019hybrid,
  author    = {Aristov, Vladimir V and Ilyin, Oleg V and Rogozin, Oleg A},
  title     = {A hybrid numerical scheme based on coupling discrete-velocities models for the BGK and LBGK equations},
  booktitle = {Proceedings of 31th International Symposium on Rarefied Gas Dynamics},
  year      = {2019},
  doi       = {10.1063/1.5119547},
  langid    = {english},
}

@InProceedings{Rogozin2019Boltzmann,
  author    = {Rogozin, Oleg A. and Aristov, Vladimir V. and Peng, Aoping and Li, Zhihui},
  title     = {Regularization and modeling of the Boltzmann collisional operator: Tcheremissine and Shakhov approaches},
  booktitle = {Proceedings of 31th International Symposium on Rarefied Gas Dynamics},
  year      = {2019},
  doi       = {10.1063/1.5119548},
  langid    = {english},
}

@Comment{jabref-meta: databaseType:biblatex;}
