@book{Gelfand1961,
    title={Вариационное исчисление},
    author={Гельфанд, Израиль Моисеевич and Фомин, Сергей Васильевич},
    publisher={Физматгиз},
    location={М.},
    year={1961}
}
