@article{Luo2015,
  title={Accurate solution and approximations of the linearized BGK equation for steady Couette flow},
  author={Li, Wei and Luo, Li-Shi and Shen, Jie},
  journal={Comput. Fluids},
  volume={111},
  pages={18--32},
  doi={10.1016/j.compfluid.2014.12.018},
  year={2015},
  publisher={Elsevier}
}

@article{Luo2016,
  title={Analysis and accurate numerical solutions of the integral equation derived from the linearized BGKW equation for the steady Couette flow},
  author={Jiang, Shidong and Luo, Li-Shi},
  journal={J. Comput. Phys.},
  volume={316},
  pages={416--434},
  doi={10.1016/j.jcp.2016.04.011},
  year={2016},
  publisher={Elsevier}
}

