@article{kornyshev2007double,
  author = {Kornyshev, Alexei A.},
  title = {Double-Layer in Ionic Liquids:â€‰ Paradigm Change?},
  journal = {The Journal of Physical Chemistry B},
  volume = {111},
  number = {20},
  pages = {5545--5557},
  year = {2007}
}

@article{khlyupin2017random,
  title={Random Process Theory Approach to Geometric Heterogeneous Surfaces: Effective Fluid--Solid Interaction},
  author={Khlyupin, Aleksey and Aslyamov, Timur},
  journal={Journal of Statistical Physics},
  volume={167},
  number={6},
  pages={1519--1545},
  year={2017},
  publisher={Springer}
}

@article{aslyamov2017density,
  title={Density functional theory formulation for fluid adsorption on correlated random surfaces},
  author={Aslyamov, Timur and Khlyupin, Aleksey},
  journal={The Journal of chemical physics},
  volume={147},
  number={15},
  pages={154703},
  year={2017},
  publisher={AIP Publishing LLC}
}

@article{dambrine2016numerical,
  title={Numerical solution of the Poisson equation on domains with a thin layer of random thickness},
  author={Dambrine, Marc and Greff, Isabelle and Harbrecht, Helmut and Puig, B{\'e}n{\'e}dicte},
  journal={SIAM Journal on Numerical Analysis},
  volume={54},
  number={2},
  pages={921--941},
  year={2016},
  publisher={SIAM}
}

@article{aslyamov2019zeros,
  title={Zeros of partition functions in the N P T ensemble},
  author={Aslyamov, Timur and Akhatov, Iskander},
  journal={Physical Review E},
  volume={100},
  number={5},
  pages={052118},
  year={2019},
  publisher={APS}
}

@article{fedorov2008ionic,
  title={Ionic liquid near a charged wall: Structure and capacitance of electrical double layer},
  author={Fedorov, Maxim V and Kornyshev, Alexei A},
  journal={The Journal of Physical Chemistry B},
  volume={112},
  number={38},
  pages={11868--11872},
  year={2008},
  publisher={ACS Publications}
}

@article{vatamanu2017charge,
  title={Charge storage at the nanoscale: understanding the trends from the molecular scale perspective},
  author={Vatamanu, Jenel and Borodin, Oleg and Olguin, Marco and Yushin, Gleb and Bedrov, Dmitry},
  journal={Journal of Materials Chemistry A},
  volume={5},
  number={40},
  pages={21049--21076},
  year={2017},
  publisher={Royal Society of Chemistry}
}

@article{vatamanu2011influence,
  title={On the influence of surface topography on the electric double layer structure and differential capacitance of graphite/ionic liquid interfaces},
  author={Vatamanu, Jenel and Cao, Liulei and Borodin, Oleg and Bedrov, Dmitry and Smith, Grant D},
  journal={The Journal of Physical Chemistry Letters},
  volume={2},
  number={17},
  pages={2267--2272},
  year={2011},
  publisher={ACS Publications}
}

@article{xing2012nanopatterning,
  title={Nanopatterning of electrode surfaces as a potential route to improve the energy density of electric double-layer capacitors: insight from molecular simulations},
  author={Xing, Lidan and Vatamanu, Jenel and Smith, Grant D and Bedrov, Dmitry},
  journal={The journal of physical chemistry letters},
  volume={3},
  number={9},
  pages={1124--1129},
  year={2012},
  publisher={ACS Publications}
}

@article{vatamanu2014influence,
  title={Influence of temperature on the capacitance of ionic liquid electrolytes on charged surfaces},
  author={Vatamanu, Jenel and Xing, Lidan and Li, Weishan and Bedrov, Dmitry},
  journal={Physical Chemistry Chemical Physics},
  volume={16},
  number={11},
  pages={5174--5182},
  year={2014},
  publisher={Royal Society of Chemistry}
}

@article{bedrov2015ionic,
  title={Ionic liquids at charged surfaces: Insight from molecular simulations},
  author={Bedrov, Dmitry and Vatamanu, Jenel and Hu, Zongzhi},
  journal={Journal of Non-Crystalline Solids},
  volume={407},
  pages={339--348},
  year={2015},
  publisher={Elsevier}
}

@article{gupta2020ionic,
  title={Ionic Layering and Overcharging in Electrical Double Layers in a Poisson-Boltzmann Model},
  author={Gupta, Ankur and Rajan, Ananth Govind and Carter, Emily A and Stone, Howard A},
  journal={Physical review letters},
  volume={125},
  number={18},
  pages={188004},
  year={2020},
  publisher={APS}
}

@article{bazant2011double,
  title={Double layer in ionic liquids: Overscreening versus crowding},
  author={Bazant, Martin Z and Storey, Brian D and Kornyshev, Alexei A},
  journal={Physical review letters},
  volume={106},
  number={4},
  pages={046102},
  year={2011},
  publisher={APS}
}

@article{de2020interfacial,
  title={Interfacial layering in the electric double layer of ionic liquids},
  author={de Souza, J Pedro and Goodwin, Zachary AH and McEldrew, Michael and Kornyshev, Alexei A and Bazant, Martin Z},
  journal={Physical Review Letters},
  volume={125},
  number={11},
  pages={116001},
  year={2020},
  publisher={APS}
}

@article{aslyamov2019random,
  title={Random surface statistical associating fluid theory: Adsorption of n-alkanes on rough surface},
  author={Aslyamov, Timur and Pletneva, Vera and Khlyupin, Aleksey},
  journal={The Journal of chemical physics},
  volume={150},
  number={5},
  pages={054703},
  year={2019},
  publisher={AIP Publishing LLC}
}

@article{aslyamov2020relation,
  title={Relation between charging times and storage properties of nanoporous supercapacitors},
  author={Aslyamov, Timur and Sinkov, Konstantin and Akhatov, Iskander},
  journal={arXiv preprint arXiv:2011.04575},
  year={2020}
}

@article{simon2020perspectives,
  title={Perspectives for electrochemical capacitors and related devices},
  author={Simon, Patrice and Gogotsi, Yury},
  journal={Nature Materials},
  volume={19},
  number={11},
  pages={1151--1163},
  year={2020},
  publisher={Nature Publishing Group}
}

@article{chmiola2006anomalous,
  title={Anomalous increase in carbon capacitance at pore sizes less than 1 nanometer},
  author={Chmiola, John and Yushin, G and Gogotsi, Yury and Portet, Christele and Simon, Patrice and Taberna, Pierre-Louis},
  journal={science},
  volume={313},
  number={5794},
  pages={1760--1763},
  year={2006},
  publisher={American Association for the Advancement of Science}
}

@article{largeot2008relation,
  title={Relation between the ion size and pore size for an electric double-layer capacitor},
  author={Largeot, Celine and Portet, Cristelle and Chmiola, John and Taberna, Pierre-Louis and Gogotsi, Yury and Simon, Patrice},
  journal={Journal of the American Chemical Society},
  volume={130},
  number={9},
  pages={2730--2731},
  year={2008},
  publisher={ACS Publications}
}

@article{jiang2011oscillation,
  title={Oscillation of capacitance inside nanopores},
  author={Jiang, De-en and Jin, Zhehui and Wu, Jianzhong},
  journal={Nano letters},
  volume={11},
  number={12},
  pages={5373--5377},
  year={2011},
  publisher={ACS Publications}
}

@article{janssen2019curvature,
  title={Curvature affects electrolyte relaxation: Studies of spherical and cylindrical electrodes},
  author={Janssen, Mathijs},
  journal={Physical Review E},
  volume={100},
  number={4},
  pages={042602},
  year={2019},
  publisher={APS}
}

@article{neimark2009quenched,
  title={Quenched solid density functional theory and pore size analysis of micro-mesoporous carbons},
  author={Neimark, Alexander V and Lin, Yangzheng and Ravikovitch, Peter I and Thommes, Matthias},
  journal={Carbon},
  volume={47},
  number={7},
  pages={1617--1628},
  year={2009},
  publisher={Elsevier}
}

@article{hartel2017structure,
  title={Structure of electric double layers in capacitive systems and to what extent (classical) density functional theory describes it},
  author={H{\"a}rtel, Andreas},
  journal={Journal of Physics: Condensed Matter},
  volume={29},
  number={42},
  pages={423002},
  year={2017},
  publisher={IOP Publishing}
}

@article{evlashin2020role,
  title={Role of Nitrogen and Oxygen in Capacitance Formation of Carbon Nanowalls},
  author={Evlashin, SA and Fedorov, FS and Dyakonov, PV and Maksimov, Yu M and Pilevsky, AA and Maslakov, KI and Kuzminova, Yu O and Mankelevich, Yu A and Voronina, EN and Dagesyan, SA and others},
  journal={The Journal of Physical Chemistry Letters},
  volume={11},
  pages={4859--4865},
  year={2020},
  publisher={ACS Publications}
}

@article{caloz2006asymptotic,
  title={Asymptotic expansion of the solution of an interface problem in a polygonal domain with thin layer},
  author={Caloz, Gabriel and Costabel, Martin and Dauge, Monique and Vial, Gr{\'e}gory},
  journal={Asymptotic Analysis},
  volume={50},
  number={1, 2},
  pages={121--173},
  year={2006},
  publisher={IOS Press}
}

@article{su2009double,
  title={Double layer of Au (100)/ionic liquid interface and its stability in imidazolium-based ionic liquids},
  author={Su, Yu-Zhuan and Fu, Yong-Chun and Yan, Jia-Wei and Chen, Zhao-Bin and Mao, Bing-Wei},
  journal={Angewandte Chemie International Edition},
  volume={48},
  number={28},
  pages={5148--5151},
  year={2009},
  publisher={Wiley Online Library}
}

@article{lauw2012structure,
  title={Structure of [C4mpyr][NTf2] room-temperature ionic liquid at charged gold interfaces},
  author={Lauw, Yansen and Horne, Michael D and Rodopoulos, Theo and Lockett, Vera and Akgun, Bulent and Hamilton, William A and Nelson, Andrew RJ},
  journal={Langmuir},
  volume={28},
  number={19},
  pages={7374--7381},
  year={2012},
  publisher={ACS Publications}
}

@article{hu2013molecular,
  title={A molecular dynamics simulation study of the electric double layer and capacitance of [BMIM][PF 6] and [BMIM][BF 4] room temperature ionic liquids near charged surfaces},
  author={Hu, Zongzhi and Vatamanu, Jenel and Borodin, Oleg and Bedrov, Dmitry},
  journal={Physical Chemistry Chemical Physics},
  volume={15},
  number={34},
  pages={14234--14247},
  year={2013},
  publisher={Royal Society of Chemistry}
}

@article{ciraci2020impact,
  title={Impact of surface roughness in nanogap plasmonic systems},
  author={Cirac{\`\i}, Cristian and Vidal-Codina, Ferran and Yoo, Daehan and Peraire, Jaime and Oh, Sang-Hyun and Smith, David R},
  journal={ACS Photonics},
  volume={7},
  number={4},
  pages={908--913},
  year={2020},
  publisher={ACS Publications}
}

@article{gadelmawla2002roughness,
  title={Roughness parameters},
  author={Gadelmawla, ES and Koura, MM and Maksoud, TMA and Elewa, IM and Soliman, HH},
  journal={Journal of materials processing Technology},
  volume={123},
  number={1},
  pages={133--145},
  year={2002},
  publisher={Elsevier}
}

@article{wang2020electrode,
  title={Electrode material--ionic liquid coupling for electrochemical energy storage},
  author={Wang, Xuehang and Salari, Maryam and Jiang, De-en and Varela, Jennifer Chapman and Anasori, Babak and Wesolowski, David J and Dai, Sheng and Grinstaff, Mark W and Gogotsi, Yury},
  journal={Nature Reviews Materials},
  volume={5},
  number={11},
  pages={787--808},
  year={2020},
  publisher={Nature Publishing Group}
}

@article{chao2020effects,
  title={Effects of surface transition and adsorption on ionic liquid capacitors},
  author={Chao, Huikuan and Wang, Zhen-Gang},
  journal={The journal of physical chemistry letters},
  volume={11},
  number={5},
  pages={1767--1772},
  year={2020},
  publisher={ACS Publications}
}

@article{goodwin2017mean,
  title={Mean-field theory of electrical double layer in ionic liquids with account of short-range correlations},
  author={Goodwin, Zachary AH and Feng, Guang and Kornyshev, Alexei A},
  journal={Electrochimica Acta},
  volume={225},
  pages={190--197},
  year={2017},
  publisher={Elsevier}
}

@article{fedorov2014ionic,
  title={Ionic liquids at electrified interfaces},
  author={Fedorov, Maxim V and Kornyshev, Alexei A},
  journal={Chemical reviews},
  volume={114},
  number={5},
  pages={2978--3036},
  year={2014},
  publisher={ACS Publications}
}

@article{feng2019free,
  title={Free and bound states of ions in ionic liquids, conductivity, and underscreening paradox},
  author={Feng, Guang and Chen, Ming and Bi, Sheng and Goodwin, Zachary AH and Postnikov, Eugene B and Brilliantov, Nikolai and Urbakh, Michael and Kornyshev, Alexei A},
  journal={Physical Review X},
  volume={9},
  number={2},
  pages={021024},
  year={2019},
  publisher={APS}
}

@article{sheehan2016layering,
  title={Layering of ionic liquids on rough surfaces},
  author={Sheehan, Alexis and Jurado, L Andres and Ramakrishna, Shivaprakash N and Arcifa, Andrea and Rossi, Antonella and Spencer, Nicholas D and Espinosa-Marzal, Rosa M},
  journal={Nanoscale},
  volume={8},
  number={7},
  pages={4094--4106},
  year={2016},
  publisher={Royal Society of Chemistry}
}

@article{daikhin1996double,
  title={Double-layer capacitance on a rough metal surface},
  author={Daikhin, LI and Kornyshev, AA and Urbakh, M},
  journal={Physical Review E},
  volume={53},
  number={6},
  pages={6192},
  year={1996},
  publisher={APS}
}

@article{daikhin1998nonlinear,
  title={Nonlinear Poisson--Boltzmann theory of a double layer at a rough metal/electrolyte interface: A new look at the capacitance data on solid electrodes},
  author={Daikhin, LI and Kornyshev, AA and Urbakh, M},
  journal={The Journal of chemical physics},
  volume={108},
  number={4},
  pages={1715--1723},
  year={1998},
  publisher={American Institute of Physics}
}

@article{roth2010fundamental,
  title={Fundamental measure theory for hard-sphere mixtures: a review},
  author={Roth, Roland},
  journal={Journal of Physics: Condensed Matter},
  volume={22},
  number={6},
  pages={063102},
  year={2010},
  publisher={IOP Publishing}
}

@article{wei2020surface,
  title={Surface Roughness: A Crucial Factor To Robust Electric Double Layer Capacitors},
  author={Wei, Jishi and Li, Yongbin and Dai, Dongmei and Zhang, Fengtao and Zou, Hongli and Yang, Xiaoxiao and Ji, Yahui and Li, Bao and Wei, Xianjun},
  journal={ACS applied materials \& interfaces},
  volume={12},
  number={5},
  pages={5786--5792},
  year={2020},
  publisher={ACS Publications}
}

@article{kondrat2011superionic,
  title={A superionic state in nano-porous double-layer capacitors: insights from Monte Carlo simulations},
  author={Kondrat, S and Georgi, Nikolaj and Fedorov, Maxim V and Kornyshev, Alexei A},
  journal={Physical Chemistry Chemical Physics},
  volume={13},
  number={23},
  pages={11359--11366},
  year={2011},
  publisher={Royal Society of Chemistry}
}

@article{kondrat2010superionic,
  title={Superionic state in double-layer capacitors with nanoporous electrodes},
  author={Kondrat, S and Kornyshev, A},
  journal={Journal of Physics: Condensed Matter},
  volume={23},
  number={2},
  pages={022201},
  year={2010},
  publisher={IOP Publishing}
}

@article{vatamanu2015non,
  title={Non-faradaic energy storage by room temperature ionic liquids in nanoporous electrodes},
  author={Vatamanu, Jenel and Vatamanu, Mihaela and Bedrov, Dmitry},
  journal={ACS nano},
  volume={9},
  number={6},
  pages={5999--6017},
  year={2015},
  publisher={ACS Publications}
}


@article{gamby2001studies,
  title={Studies and characterisations of various activated carbons used for carbon/carbon supercapacitors},
  author={Gamby, J and Taberna, PL and Simon, P and Fauvarque, JF and Chesneau, M},
  journal={Journal of power sources},
  volume={101},
  number={1},
  pages={109--116},
  year={2001},
  publisher={Elsevier}
}

@article{harmas2020hydrothermal,
  title={Hydrothermal and peat-derived carbons as electrode materials for high-efficient electrical double-layer capacitors},
  author={H{\"a}rmas, M and Palm, R and Thomberg, T and H{\"a}rmas, R and Koppel, M and Paalo, M and Tallo, I and Romann, T and J{\"a}nes, A and Lust, E},
  journal={Journal of Applied Electrochemistry},
  volume={50},
  number={1},
  pages={15--32},
  year={2020},
  publisher={Springer}
}

@article{chmiola2006effect,
  title={Effect of pore size and surface area of carbide derived carbons on specific capacitance},
  author={Chmiola, J and Yushin, G and Dash, R and Gogotsi, Y},
  journal={Journal of Power Sources},
  volume={158},
  number={1},
  pages={765--772},
  year={2006},
  publisher={Elsevier}
}

@article{beguin2014carbons,
  title={Carbons and electrolytes for advanced supercapacitors},
  author={B{\'e}guin, Fran{\c{c}}ois and Presser, Volker and Balducci, Andrea and Frackowiak, Elzbieta},
  journal={Advanced materials},
  volume={26},
  number={14},
  pages={2219--2251},
  year={2014},
  publisher={Wiley Online Library}
}

@incollection{vorotyntsev1986modern,
  title={Modern state of double layer study of solid metals},
  author={Vorotyntsev, Mikhail A},
  booktitle={Modern Aspects of Electrochemistry},
  pages={131--222},
  year={1986},
  publisher={Springer}
}

@article{parsons1965interphase,
  title={The interphase between mercury and aqueous sodium dihydrogen phosphate},
  author={Parsons, Roger and Zobel, F\_G R},
  journal={Journal of Electroanalytical Chemistry (1959)},
  volume={9},
  number={5-6},
  pages={333--348},
  year={1965},
  publisher={Elsevier}
}

@article{kornyshev1982nonlocal,
  title={Nonlocal electrostatic approach to the problem of a double layer at a metal-electrolyte interface},
  author={Kornyshev, AA and Schmickler, W and Vorotyntsev, MA},
  journal={Physical Review B},
  volume={25},
  number={8},
  pages={5244},
  year={1982},
  publisher={APS}
}

@article{borisova1950determination,
  title={Determination of the zero voltage points of solid metals from measurements of the capacity of the double layer},
  author={Borisova, TI and Ershler, BV},
  journal={Zh. Fiz. Khim},
  volume={24},
  pages={337--344},
  year={1950}
}

@article{kerner1998impedance,
  title={Impedance of rough capacitive electrodes: the role of surface disorder},
  author={Kerner, Zsolt and Pajkossy, Tam{\'a}s},
  journal={Journal of Electroanalytical Chemistry},
  volume={448},
  number={1},
  pages={139--142},
  year={1998},
  publisher={Elsevier}
}

@article{kerner2000origin,
  title={On the origin of capacitance dispersion of rough electrodes},
  author={Kerner, Zsolt and Pajkossy, Tam{\'a}s},
  journal={Electrochimica Acta},
  volume={46},
  number={2-3},
  pages={207--211},
  year={2000},
  publisher={Elsevier}
}

@article{lockett2008differential,
  title={Differential capacitance of the electrical double layer in imidazolium-based ionic liquids: influence of potential, cation size, and temperature},
  author={Lockett, Vera and Sedev, Rossen and Ralston, John and Horne, Mike and Rodopoulos, Theo},
  journal={The Journal of Physical Chemistry C},
  volume={112},
  number={19},
  pages={7486--7495},
  year={2008},
  publisher={ACS Publications}
}

@article{babel2018impedance,
  title={Impedance resonance in narrow confinement},
  author={Babel, Sonja and Eikerling, Michael and L{\"o}wen, Hartmut},
  journal={The Journal of Physical Chemistry C},
  volume={122},
  number={38},
  pages={21724--21734},
  year={2018},
  publisher={ACS Publications}
}

@misc{mathematica2020,
  author = {{Wolfram Research{,} Inc.}},
  title = {Mathematica, {V}ersion 12.1},
  url = {https://www.wolfram.com/mathematica},
  note = {Champaign, IL, 2020}
}

@misc{supplementary,
  note={See Supplemental Material for derivation of equations governing electrostatic field  and average distributions of ions near rough surface, random surface model and hard sphere contact condition, and notes on numerical implementation at [URL will be inserted by publisher], which includes Refs. \cite{caloz2006asymptotic, aslyamov2019zeros, mathematica2020}.}
}

@article{aslyamov2021electrolyte,
  title={Electrolyte structure near electrodes with molecular-size roughness},
  author={Aslyamov, Timur and Sinkov, Konstantin and Akhatov, Iskander},
  journal={Physical Review E},
  volume={103},
  number={6},
  pages={L060102},
  year={2021},
  publisher={APS}
}

@article{aslyamov2019theoretical,
  title={Theoretical Approach to Rough Surface Characterization for Silica Materials},
  author={Aslyamov, Timur and Khlyupin, Aleksey and Pletneva, Vera and Akhatov, Iskander},
  journal={The Journal of Physical Chemistry C},
  volume={123},
  number={47},
  pages={28707--28714},
  year={2019},
  publisher={ACS Publications}
}

@article{zhou2012nanoscale,
  title={Nanoscale perturbations of room temperature ionic liquid structure at charged and uncharged interfaces},
  author={Zhou, Hua and Rouha, Michael and Feng, Guang and Lee, Sang Soo and Docherty, Hugh and Fenter, Paul and Cummings, Peter T and Fulvio, Pasquale F and Dai, Sheng and McDonough, John and others},
  journal={ACS nano},
  volume={6},
  number={11},
  pages={9818--9827},
  year={2012},
  publisher={ACS Publications}
}

@article{lynden2007simulations,
  title={Simulations of ionic liquids, solutions, and surfaces},
  author={Lynden-Bell, Ruth M and Del Popolo, Mario G and Youngs, Tristan GA and Kohanoff, Jorge and Hanke, Christof G and Harper, Jason B and Pinilla, Carlos C},
  journal={Accounts of chemical research},
  volume={40},
  number={11},
  pages={1138--1145},
  year={2007},
  publisher={ACS Publications}
}

@article{fedorov2010double,
  title={Double layer in ionic liquids: The nature of the camel shape of capacitance},
  author={Fedorov, Maxim V and Georgi, Nikolaj and Kornyshev, Alexei A},
  journal={Electrochemistry Communications},
  volume={12},
  number={2},
  pages={296--299},
  year={2010},
  publisher={Elsevier}
}

@article{mezger2008molecular,
  title={Molecular layering of fluorinated ionic liquids at a charged sapphire (0001) surface},
  author={Mezger, Markus and Schr{\"o}der, Heiko and Reichert, Harald and Schramm, Sebastian and Okasinski, John S and Sch{\"o}der, Sebastian and Honkim{\"a}ki, Veijo and Deutsch, Moshe and Ocko, Benjamin M and Ralston, John and others},
  journal={Science},
  volume={322},
  number={5900},
  pages={424--428},
  year={2008},
  publisher={American Association for the Advancement of Science}
}

@article{ma2020classical,
  title={Classical density functional theory reveals coexisting short-range structural decay and long-range force decay in ionic liquids},
  author={Ma, Ke and Lian, Cheng and Woodward, Clifford E and Qin, Boyu},
  journal={Chemical Physics Letters},
  volume={739},
  pages={137001},
  year={2020},
  publisher={Elsevier}
}

@article{gavish2018solvent,
  title={From solvent-free to dilute electrolytes: Essential components for a continuum theory},
  author={Gavish, Nir and Elad, Doron and Yochelis, Arik},
  journal={The journal of physical chemistry letters},
  volume={9},
  number={1},
  pages={36--42},
  year={2018},
  publisher={ACS Publications}
}

@article{belotti2021experimental,
  title={Experimental evidence of long-lived electric fields of ionic liquid bilayers},
  author={Belotti, Mattia and Lyu, Xin and Xu, Longkun and Halat, Peter and Darwish, Nadim and Silvester, Debbie S and Goh, Ching and Izgorodina, Ekaterina I and Coote, Michelle L and Ciampi, Simone},
  journal={Journal of the American Chemical Society},
  volume={143},
  number={42},
  pages={17431--17440},
  year={2021},
  publisher={ACS Publications}
}

@article{toda2021observation,
  title={Observation of the Pockels Effect in Ionic Liquids and Insights into the Length Scale of Potential-Induced Ordering},
  author={Toda, Shogo and Clark, Ryan and Welton, Tom and Shigeto, Shinsuke},
  journal={Langmuir},
  volume={37},
  number={17},
  pages={5193--5201},
  year={2021},
  publisher={ACS Publications}
}

@article{schlaich2021electronic,
  title={Electronic screening using a virtual Thomas--Fermi fluid for predicting wetting and phase transitions of ionic liquids at metal surfaces},
  author={Schlaich, Alexander and Jin, Dongliang and Bocquet, Lyderic and Coasne, Benoit},
  journal={Nature materials},
  pages={1--9},
  year={2021},
  publisher={Nature Publishing Group}
}

@article{yang2011solvation,
  title={Solvation forces between molecularly rough surfaces},
  author={Yang, Kan and Lin, Yangzheng and Lu, Xiancai and Neimark, Alexander V},
  journal={Journal of colloid and interface science},
  volume={362},
  number={2},
  pages={382--388},
  year={2011},
  publisher={Elsevier}
}

@article{breitsprecher2015electrode,
  title={Electrode models for ionic liquid-based capacitors},
  author={Breitsprecher, Konrad and Szuttor, Kai and Holm, Christian},
  journal={The Journal of Physical Chemistry C},
  volume={119},
  number={39},
  pages={22445--22451},
  year={2015},
  publisher={ACS Publications}
}