% This file was created with JabRef 2.9b2.
% Encoding: UTF-8

@ARTICLE{SoneCoaxial,
  author = {Aoki, K and Sone, Y and Waniguchi, Y},
  title = {A rarefied gas flow induced by a temperature field: Numerical analysis
	of the flow between two coaxial elliptic cylinders with different
	uniform temperatures},
  journal = {Computers \& Mathematics with Applications},
  year = {1998},
  volume = {35},
  pages = {15--28},
  number = {1},
  publisher = {Elsevier}
}

@ARTICLE{SIMPLE,
  author = {Caretto, LS and Curr, RM and Spalding, DB},
  title = {Two numerical methods for three-dimensional boundary layers},
  journal = {Computer Methods in Applied Mechanics and Engineering},
  year = {1972},
  volume = {1},
  pages = {39--57},
  number = {1},
  publisher = {Elsevier}
}

@article{OpenFOAM2010,
    title={Implementation of semi-discrete, non-staggered central schemes in a colocated, polyhedral, finite volume framework, for high-speed viscous flows},
    author={Greenshields, Christopher J and Weller, Henry G and Gasparini, Luca and Reese, Jason M},
    journal={International journal for numerical methods in fluids},
    volume={63},
    number={1},
    pages={1--21},
    year={2010},
    publisher={Wiley Online Library}
}

@ARTICLE{GMSH,
  author = {Geuzaine, Christophe and Remacle, Jean-Fran{\c{c}}ois},
  title = {Gmsh: A 3-D finite element mesh generator with built-in pre-and post-processing
	facilities},
  journal = {International Journal for Numerical Methods in Engineering},
  year = {2009},
  volume = {79},
  pages = {1309--1331},
  number = {11},
  publisher = {Wiley Online Library}
}

@INBOOK{Hilbert1912,
  chapter = {22},
  title = {Gr{\"u}ndz{\"u}ge einer allgemeinen Theorie der linearen Integralgleichungen},
  year = {1912},
  author = {Hilbert, D}
}

@BOOK{Sone2007,
  title = {Molecular gas dynamics: theory, techniques, and applications},
  publisher = {Birkhauser},
  year = {2007},
  author = {Sone, Y.}
}

@BOOK{Sone2002,
  title = {Kinetic theory and fluid dynamics},
  publisher = {Birkhauser},
  year = {2002},
  author = {Sone, Yoshio}
}

@ARTICLE{GhostEffect,
  author = {Sone, Yoshio and Aoki, Kazuo and Takata, Shigeru and Sugimoto, Hiroshi
	and Bobylev, AV},
  title = {Inappropriateness of the heat-conduction equation for description
	of a temperature field of a stationary gas in the continuum limit:
	Examination by asymptotic analysis and numerical computation of the
	Boltzmann equation},
  journal = {Physics of fluids},
  year = {1996},
  volume = {8},
  pages = {628--638},
  number = {2}
}

@ARTICLE{OpenFOAM1998,
  author = {Weller, Henry G and Tabor, G and Jasak, Hrvoje and Fureby, C},
  title = {A tensorial approach to computational continuum mechanics using object-oriented
	techniques},
  journal = {Computers in physics},
  year = {1998},
  volume = {12},
  pages = {620--631},
  number = {6}
}

@ARTICLE{Kogan1971,
  author = {Galkin, VS and Kogan, MN and Fridlender, OG},
  title = {Free convection in a gas in the absence of external forces},
  journal = {Fluid Dynamics},
  year = {1971},
  pages = {448--457},
  volume = {6},
  number = {3}
}

@ARTICLE{Kogan1976,
  author = {Kogan, MN and Galkin, VS and Fridlender, OG},
  title = {Stresses produced in gases by temperature and concentration inhomogeneities.
	  New types of free convection},
  journal = {Physics-Uspekhi},
  year = {1976},
  volume = {19},
  pages = {420--428},
  number = {5}
}

@inproceedings{Laneryd2006,
    title={Thermal creep of a slightly rarefied gas through a channel with curved boundary},
    author={Laneryd, Carl-Johan Tor and Aoki, K and Degond, P and Mieussens, L},
    booktitle={25st RGD Symposium, Book of Abstracts, St-Petersburg},
    year={2006}
}

@article{Laneryd2007,
    title={Slow flows of a vapor-gas mixture with large density and temperature variations in the near-continuum regime},
    author={Laneryd, Carl-Johan Tor and Aoki, Kazuo and Takata, Shigeru},
    journal={Physics of Fluids},
    volume={19},
    pages={107104},
    year={2007}
}

@inproceedings{Pantazis2012,
    title={Hybrid continuum particle simulations of unsteady flows},
    author={Pantazis, Sarantis},
    booktitle={AIP Conference Proceedings},
    volume={1501},
    pages={451},
    year={2012}
}
