% Encoding: UTF-8
%%%%%%%%%%%%%%%%%%%%%%%
%%% Sone and others %%%
%%%%%%%%%%%%%%%%%%%%%%%

@Book{Sone2007,
  title     = {Molecular gas dynamics: theory, techniques, and applications},
  publisher = {Birkh\"{a}user},
  year      = {2007},
  author    = {Sone, Y.},
  address   = {Boston},
  langid    = {english},
}

@Book{Sone2002,
  title     = {Kinetic theory and fluid dynamics},
  publisher = {Birkh\"{a}user},
  year      = {2002},
  author    = {Sone, Yoshio},
  address   = {Boston},
  langid    = {english},
}

@Article{Sone1996,
  author  = {Sone, Yoshio and Aoki, Kazuo and Takata, Shigeru and Sugimoto, Hiroshi and Bobylev, A V},
  title   = {{Inappropriateness of the heat-conduction equation for description of a temperature field of a stationary gas in the continuum limit: Examination by asymptotic analysis and numerical computation of the Boltzmann equation}},
  journal = {Phys. Fluids},
  year    = {1996},
  volume  = {8},
  pages   = {628--638},
  doi     = {10.1063/1.868846},
  langid  = {english},
}

@InProceedings{Aoki2006,
  author    = {Laneryd, Carl-Johan Tor and Aoki, K and Degond, P and Mieussens, L},
  title     = {Thermal creep of a slightly rarefied gas through a channel with curved boundary},
  booktitle = {Rarefied Gas Dynamics},
  year      = {2007},
  editor    = {Ivanov, M S and Rebrov, A K},
  pages     = {1111--1116},
  address   = {Novosibirsk},
  publisher = {Siberian Branch of the Russian Academy of Sciences},
  langid    = {english},
}

@Article{Aoki2007,
  author  = {Laneryd, Carl-Johan Tor and Aoki, Kazuo and Takata, Shigeru},
  title   = {Slow flows of a vapor-gas mixture with large density and temperature variations in the near-continuum regime},
  journal = {Phys. Fluids},
  year    = {2007},
  volume  = {19},
  pages   = {107104},
  doi     = {10.1063/1.2796213},
  langid  = {english},
}

@Article{Takata2015second,
  author  = {Hattori, Masanari and Takata, Shigeru},
  title   = {{Second-order Knudsen-layer analysis for the generalized slip-flow theory I}},
  journal = {Bull. Inst. Math. Acad. Sinica},
  year    = {2015},
  volume  = {10},
  pages   = {423--448},
  langid  = {english},
}

@Article{Takata2015curvature,
  author    = {Hattori, Masanari and Takata, Shigeru},
  title     = {{Second-order Knudsen-layer analysis for the generalized slip-flow theory II: curvature effects}},
  journal   = {J. Stat. Phys.},
  year      = {2015},
  volume    = {161},
  number    = {4},
  pages     = {1010--1036},
  doi       = {10.1007/s10955-015-1364-0},
  langid    = {english},
  publisher = {Springer},
}

@Misc{Takata2015,
  author       = {Takata, Shigeru and Hattori, Masanari},
  title        = {{Numerical data for the generalized slip-flow theory}},
  howpublished = {\url{http://hdl.handle.net/2433/199811}},
  year         = {2015},
  langid       = {english},
}

@Article{Ohwada1989creep,
  author  = {Ohwada, Taku and Sone, Yoshio and Aoki, Kazuo},
  title   = {{Numerical analysis of the shear and thermal creep flows of a rarefied gas over a plane wall on the basis of the linearized Boltzmann equation for hard-sphere molecules}},
  journal = {Phys. Fluids A},
  year    = {1989},
  volume  = {1},
  number  = {9},
  pages   = {1588--1599},
  doi     = {10.1063/1.857304},
  langid  = {english},
}

@Article{Ohwada1989jump,
  author    = {Sone, Yoshio and Ohwada, Taku and Aoki, Kazuo},
  title     = {{Temperature jump and Knudsen layer in a rarefied gas over a plane wall: Numerical analysis of the linearized Boltzmann equation for hard-sphere molecules}},
  journal   = {Phys. Fluids A},
  year      = {1989},
  volume    = {1},
  number    = {2},
  pages     = {363--370},
  doi       = {10.1063/1.857457},
  langid    = {english},
  publisher = {AIP Publishing},
}

@Article{Ohwada1992,
  author  = {Ohwada, Taku and Sone, Yoshio},
  title   = {{Analysis of thermal stress slip flow and negative thermophoresis using the Boltzmann equation for hard-sphere molecules}},
  journal = {Eur. J. Mech. B/Fluids},
  year    = {1992},
  volume  = {11},
  pages   = {389--414},
  langid  = {english},
}

@Article{Sone1970,
  author    = {Sone, Yoshio and Yamamoto, Kyoji},
  title     = {Flow of rarefied gas over plane wall},
  journal   = {J. Phys. Soc. Japan},
  year      = {1970},
  volume    = {29},
  number    = {2},
  pages     = {495--508},
  doi       = {10.1143/JPSJ.29.495},
  langid    = {english},
  publisher = {The Physical Society of Japan},
}

@Article{Sone1998,
  author    = {Aoki, K and Sone, Y and Waniguchi, Y},
  title     = {A rarefied gas flow induced by a temperature field: Numerical analysis of the flow between two coaxial elliptic cylinders with different uniform temperatures},
  journal   = {Comput. Math. Appl.},
  year      = {1998},
  volume    = {35},
  number    = {1},
  pages     = {15--28},
  doi       = {10.1016/S0898-1221(97)00255-1},
  langid    = {english},
  publisher = {Elsevier},
}


%%%%%%%%%%%%%%%%%%%%%%%%%
%%% Projection method %%%
%%%%%%%%%%%%%%%%%%%%%%%%%

@Article{Tcheremissine1997,
  author  = {Черемисин, Ф Г},
  title   = {Консервативный метод вычисления интеграла столкновений Больцмана},
  journal = {Доклады РАН},
  year    = {1997},
  volume  = {357},
  number  = {1},
  pages   = {1--4},
  langid  = {russian},
}

@Article{Tcheremissine2000,
  author  = {Черемисин, Ф Г},
  title   = {Решение уравнение уравнения Больцмана при переходе к гидродинамическому режиму течения},
  journal = {Доклады РАН},
  year    = {2000},
  volume  = {373},
  number  = {4},
  pages   = {483--486},
  langid  = {russian},
}

@Article{Tcheremissine2006,
  author    = {Черемисин, Ф Г},
  title     = {Решение кинетического уравнения Больцмана для высокоскоростных течений},
  journal   = {Ж. вычисл. матем. и матем. физ.},
  year      = {2006},
  volume    = {46},
  number    = {2},
  pages     = {329--343},
  langid    = {russian},
  publisher = {Российская академия наук, Отделение математических наук},
}

@Article{Anikin2012,
  author    = {Аникин, Юрий Александрович},
  title     = {О точности проекционного счёта интеграла столкновений},
  journal   = {Ж. вычисл. матем. и матем. физ.},
  year      = {2012},
  volume    = {52},
  number    = {4},
  pages     = {697--719},
  langid    = {russian},
  publisher = {Российская академия наук, Отделение математических наук},
}

@Article{Dodulad2012,
  author  = {Dodulad, Oleg I and Tcheremissine, Felix G},
  title   = {{Multipoint conservative projection method for computing the Boltzmann collision integral for gas mixtures}},
  journal = {AIP Conf. Proc.},
  year    = {2012},
  volume  = {1501},
  pages   = {302--309},
  doi     = {10.1063/1.4769529},
  langid  = {english},
}

@Article{Dodulad2013,
  author    = {Додулад, О И and Черемисин, Ф Г},
  title     = {Расчёты структуры ударной волны в одноатомном газе с контролем точности},
  journal   = {Ж. вычисл. матем. и матем. физ.},
  year      = {2013},
  volume    = {53},
  number    = {6},
  pages     = {1008--1026},
  langid    = {russian},
  publisher = {Российская академия наук, Отделение математических наук},
}

@Article{Dodulad2015,
  author    = {Anikin, {\relax Yu}ry A and Dodulad, Oleg I and Kloss, {\relax Yu}ry {\relax Yu} and Tcheremissine, Felix G},
  title     = {{Method of calculating the collision integral and solution of the Boltzmann kinetic equation for simple gases, gas mixtures and gases with rotational degrees of freedom}},
  journal   = {Int. J. Comput. Math.},
  year      = {2015},
  volume    = {92},
  number    = {9},
  pages     = {1775-1789},
  doi       = {10.1080/00207160.2014.909033},
  langid    = {english},
  publisher = {Taylor \& Francis},
}

@Article{Rogozin2016,
  author  = {Rogozin, Oleg},
  title   = {{Numerical analysis of the nonlinear plane Couette-flow problem of a rarefied gas for hard-sphere molecules}},
  journal = {Eur. J. Mech. B/Fluids},
  year    = {2016},
  volume  = {60},
  pages   = {148--163},
  doi     = {10.1016/j.euromechflu.2016.06.011},
  langid  = {english},
}

@Article{Popov2001,
  author    = {Попов, С П and Черемисин, Ф Г},
  title     = {Пример совместного численного решения уравнений Больцмана и Навье-Стокса},
  journal   = {Ж. вычисл. матем. и матем. физ.},
  year      = {2001},
  volume    = {41},
  number    = {3},
  pages     = {489--500},
  langid    = {russian},
  publisher = {Российская академия наук, Отделение математических наук},
}

@Article{Kloss2010,
  author  = {Anikin, {\relax Yu} A and Derbakova, E P and Dodulad, O I and Kloss, {\relax Yu} {\relax Yu} and Martynov, D V and Rogozin, O A and Shuvalov, P V and Tcheremissine, F G},
  title   = {Computing of Gas Flows in Micro- and Nanoscale Channels on the Base of the Boltzmann Kinetic Equation},
  journal = {Procedia Comput. Sci.},
  year    = {2010},
  volume  = {1},
  number  = {1},
  pages   = {735--744},
  doi     = {10.1016/j.procs.2010.04.079},
  langid  = {english},
}

@Article{Kloss2011,
  author    = {Додулад, О И and Клосс, Ю Ю and Мартынов, Д В and Рогозин, О А and Pябченков, В В and Черемисин, Ф Г and Шувалов, П В},
  title     = {Проблемно-моделирующая среда для расчетов и анализа газокинетических процессов},
  journal   = {Нано- и микросистемная техника},
  year      = {2011},
  number    = {2},
  pages     = {12--17},
  langid    = {russian},
  publisher = {Новые технологии},
}

@Article{Kloss2012,
  author    = {Anikin, {\relax Yu} A and Dodulad, OI and Kloss, {\relax Yu} {\relax Yu} and Martynov, DV and Shuvalov, PV and Tcheremissine, FG},
  title     = {Development of applied software for analysis of gas flows in vacuum devices},
  journal   = {Vacuum},
  year      = {2012},
  volume    = {86},
  number    = {11},
  pages     = {1770--1777},
  doi       = {10.1016/j.vacuum.2012.02.024},
  langid    = {english},
  publisher = {Elsevier},
}

@Article{Korobov1959,
  author  = {Коробов, Н М},
  title   = {О приближенном вычислении кратных интегралов},
  journal = {ДАН СССР},
  year    = {1959},
  volume  = {124},
  number  = {6},
  pages   = {1207--1210},
  langid  = {russian},
}

@Book{Sloan1994,
  title     = {{Lattice methods for multiple integration}},
  publisher = {Oxford University Press},
  year      = {1994},
  author    = {Sloan, Ian H and Joe, Stephen},
  langid    = {english},
}

%%%%%%%%%%%%%%%%%%%%%%%%%%%%%%%%
%%% Soviet and Russian works %%%
%%%%%%%%%%%%%%%%%%%%%%%%%%%%%%%%

@Article{Kogan1970,
  author  = {Галкин, В С and Коган, М Н and Фридлендер, О Г},
  title   = {{О некоторых кинетических эффектах в течениях сплошной среды}},
  journal = {Изв. АН СССР. МЖГ},
  year    = {1970},
  volume  = {5},
  number  = {3},
  pages   = {13--21},
  langid  = {russian},
}

@Article{Kogan1971,
  author  = {Галкин, В С and Коган, М Н and Фридлендер, О Г},
  title   = {{О свободной конвекции в газе в отсутствие внешних сил}},
  journal = {Изв. АН СССР. МЖГ},
  year    = {1971},
  volume  = {6},
  number  = {3},
  pages   = {98--107},
  langid  = {russian},
}

@Article{Kogan1972mix,
  author  = {Галкин, В С and Коган, М Н and Фридлендер, О Г},
  title   = {{О концентрационно-стрессовой конвекции и некоторых свойствах медленных течений смесей газов}},
  journal = {Изв. АН СССР. МЖГ},
  year    = {1972},
  volume  = {7},
  number  = {2},
  pages   = {113--118},
  langid  = {russian},
}

@Article{Kogan1972,
  author  = {Галкин, В С and Коган, М Н and Фридлендер, О Г},
  title   = {{Обтекание сильно нагретой сферы потоком газа при малых числах Рейнольдса}},
  journal = {Прикл. математика и механика},
  year    = {1972},
  volume  = {36},
  number  = {5},
  pages   = {880--885},
  langid  = {russian},
}

@Article{Rudyak1973,
  author  = {Рудяк, В Я},
  title   = {{О выводе уравнений движения слабо разреженного газа около сильно нагретых тел из уравнения Больцмана}},
  journal = {ПМТФ},
  year    = {1973},
  number  = {5},
  pages   = {52--56},
  langid  = {russian},
}

@Article{Friedlander1974,
  author  = {Галкин, В С and Фридлендер, О Г},
  title   = {{Силы, действующие на тела в газе и обусловленные барнеттовскими напряжениями}},
  journal = {Прикл. математика и механика},
  year    = {1974},
  volume  = {38},
  number  = {2},
  pages   = {271--283},
  langid  = {russian},
}

@Article{Galkin1974,
  author  = {Галкин, В С},
  title   = {{Вывод уравнений медленных течений смесей газов из уравнения Больцмана}},
  journal = {Ученые записки ЦАГИ},
  year    = {1974},
  volume  = {5},
  number  = {4},
  pages   = {40--47},
  langid  = {russian},
}

@Article{Kogan1976,
  author  = {Коган, М Н and Галкин, В С and Фридлендер, О Г},
  title   = {{О напряжениях, возникающих в газах вследствие неоднородности температуры и концентраций. Новые типы свободной конвекции}},
  journal = {Успехи физических наук},
  year    = {1976},
  volume  = {119},
  pages   = {111--125},
  langid  = {russian},
}

@Article{Friedlander1978,
  author  = {Жбакова, А В and Фридлендер, О Г},
  title   = {Теплопередача в медленных течениях газа},
  journal = {Ученые записки ЦАГИ},
  year    = {1978},
  volume  = {9},
  number  = {5},
  pages   = {125--128},
  langid  = {russian},
}

@Article{Galkin1979,
  author  = {Галкин, В С and Коган, М Н},
  title   = {К выводу уравнений медленных неизотермических течений газа},
  journal = {Изв. АН СССР. МЖГ},
  year    = {1979},
  volume  = {14},
  number  = {6},
  pages   = {77--84},
  langid  = {russian},
}

@Article{Kogan1992,
  author    = {Kogan, M N},
  title     = {Kinetic theory in aerothermodynamics},
  journal   = {Prog. Aerosp. Sci.},
  year      = {1992},
  volume    = {29},
  number    = {4},
  pages     = {271--354},
  doi       = {10.1016/j.vacuum.2012.02.024},
  langid    = {english},
  publisher = {Elsevier},
}

@Article{Bobylev1995,
  author    = {Bobylev, A V},
  title     = {{Quasistationary hydrodynamics for the Boltzmann equation}},
  journal   = {J. Stat. Phys.},
  year      = {1995},
  volume    = {80},
  number    = {5-6},
  pages     = {1063--1083},
  doi       = {10.1007/BF02179864},
  langid    = {english},
  publisher = {Springer},
}

@InCollection{Friedlander1997,
  author    = {Alexandrov, V and Boris, A and Friedlander, O and Kogan, M and Nikolsky, {\relax Yu} and Perminov, V},
  title     = {Thermal stress effect and its experimental detection},
  booktitle = {Rarefied Gas Dynamics},
  publisher = {Peking University Press},
  year      = {1997},
  editor    = {Ching Shen},
  chapter   = {Rarefied Flow Studies},
  pages     = {79--84},
  address   = {Beijing, China},
  langid    = {english},
}

@InCollection{Friedlander2003,
  author    = {Alexandrov, Victor {\relax Yu} and Friedlander, Oscar G and Nikolsky, {\relax Yu}rii V},
  title     = {Numerical and experimental investigations of thermal stress effect on nonlinear thermomolecular pressure difference},
  booktitle = {Rarefied Gas Dynamics},
  publisher = {AIP},
  year      = {2003},
  editor    = {Ketsdever, A D and Muntz, E P},
  chapter   = {Rarefied Flow Studies},
  pages     = {250--257},
  address   = {New York},
  langid    = {english},
}

@Article{Alexandrov2002,
  author  = {Александров, В Ю},
  title   = {Численное исследование влияния температурных напряжений на нелинейный эффект термомолекулярной разности давлений},
  journal = {Изв. РАН. МЖГ},
  year    = {2002},
  volume  = {37},
  number  = {6},
  pages   = {148--161},
  langid  = {russian},
}

@Article{Alexandrov2008a,
  author  = {Александров, В Ю and Ерофеев, А И and Коган, М Н and Фридлендер, О Г},
  title   = {Температурное силовое взаимодействие сферических частиц},
  journal = {Изв. РАН. МЖГ},
  year    = {2008},
  volume  = {43},
  number  = {2},
  pages   = {183--188},
  langid  = {russian},
}

@Article{Alexandrov2008b,
  author  = {Александров, В Ю and Фридлендер, О Г},
  title   = {Медленные течения газа и эффект отрицательного сопротивления сильно нагретой сферической частицы},
  journal = {Изв. РАН. МЖГ},
  year    = {2008},
  volume  = {43},
  number  = {3},
  pages   = {168--177},
  langid  = {russian},
}

@Article{Rykov2008,
  author    = {Ларина, И Н and Рыков, В А},
  title     = {Кинетическая модель уравнения Больцмана, содержащая предельные режимы течений газа при малых числах Кнудсена},
  journal   = {Ж. вычисл. матем. и матем. физ.},
  year      = {2008},
  volume    = {48},
  number    = {7},
  pages     = {1294--1308},
  langid    = {russian},
  publisher = {Российская академия наук, Отделение математических наук},
}

@Article{Alexandrov2011,
  author  = {Александров, В Ю},
  title   = {{Сопротивление сильно нагретой сферы при малых числах Рейнольдса}},
  journal = {Изв. РАН. МЖГ},
  year    = {2011},
  volume  = {46},
  number  = {5},
  pages   = {142--156},
  langid  = {russian},
}

@Article{Galkin2015,
  author  = {Галкин, B C and Русаков, С В},
  title   = {Уравнения газодинамики медленных неоднородных по температуре и концентрациям течений смесей многоатомных газов},
  journal = {Прикл. математика и механика},
  year    = {2015},
  volume  = {79},
  number  = {2},
  pages   = {218--235},
  langid  = {russian},
}

%%%%%%%%%%%%%%%%%%%%%
%%%  Mathematics  %%%
%%%%%%%%%%%%%%%%%%%%%

@Article{Maslova1982,
  author    = {Маслова, Нина Борисовна},
  title     = {{Задача Крамерса в кинетической теории газов}},
  journal   = {Ж. вычисл. матем. и матем. физ.},
  year      = {1982},
  volume    = {22},
  number    = {3},
  pages     = {700--709},
  langid    = {russian},
  publisher = {Российская академия наук, Отделение математических наук},
}

@Article{Bardos1986,
  author    = {Bardos, Claude and Caflisch, Russel E and Nicolaenko, Basil},
  title     = {{The Milne and Kramers problems for the Boltzmann equation of a hard sphere gas}},
  journal   = {Comm. Pure Appl. Math.},
  year      = {1986},
  volume    = {39},
  number    = {3},
  pages     = {323--352},
  doi       = {10.1002/cpa.3160390304},
  langid    = {english},
  publisher = {Wiley Online Library},
}

@Article{Levermore2012,
  author    = {Levermore, C David and Sun, Weiran and Trivisa, Konstantina},
  title     = {{A low Mach number limit of a dispersive Navier--Stokes system}},
  journal   = {SIAM J. Math. Anal.},
  year      = {2012},
  volume    = {44},
  number    = {3},
  pages     = {1760--1807},
  doi       = {10.1137/100818765},
  langid    = {english},
  publisher = {SIAM},
}

@Article{Tan2016,
  author    = {Tan, Wenke},
  title     = {{Blow up criterion for the 3D ghost effect system}},
  journal   = {Nonlinear Anal.-Real},
  year      = {2016},
  volume    = {29},
  pages     = {58--67},
  doi       = {10.1016/j.nonrwa.2015.10.008},
  langid    = {english},
  publisher = {Elsevier},
}

%%%%%%%%%%%%%%%%
%%% OpenFOAM %%%
%%%%%%%%%%%%%%%%

@Article{Tabor1998,
  author  = {Weller, Henry G and Tabor, G and Jasak, Hrvoje and Fureby, C},
  title   = {A tensorial approach to computational continuum mechanics using object-oriented techniques},
  journal = {Comput. Phys.},
  year    = {1998},
  volume  = {12},
  pages   = {620},
  doi     = {10.1063/1.168744},
  langid  = {english},
}

@Article{Rogozin2014,
  author    = {Rogozin, O A},
  title     = {Computer simulation of slightly rarefied gas flows driven by significant temperature variations and their continuum limit},
  journal   = {Theor. Comput. Fluid Dyn.},
  year      = {2014},
  volume    = {28},
  number    = {6},
  pages     = {573--587},
  doi       = {10.1007/s00162-014-0334-5},
  langid    = {english},
  publisher = {Springer},
}

%%%%%%%%%%%%%%%%%
%%%   Other   %%%
%%%%%%%%%%%%%%%%%

@Book{Chapman1960,
  title     = {Математическая теория неоднородных газов},
  publisher = {ИЛ},
  year      = {1960},
  author    = {Чепмен, С and Каулинг, Т},
  address   = {М.},
  langid    = {russian},
}

@Article{Burnett1935,
  author    = {Burnett, D},
  title     = {The distribution of velocities in a slightly non-uniform gas},
  journal   = {P. London Math. Soc.},
  year      = {1935},
  volume    = {2},
  number    = {1},
  pages     = {385--430},
  doi       = {10.1112/plms/s2-39.1.385},
  langid    = {english},
  publisher = {Oxford University Press},
}

@Article{Wu2015,
  author    = {Wu, Lei and Zhang, Jun and Reese, Jason M and Zhang, Yonghao},
  title     = {A fast spectral method for the Boltzmann equation for monatomic gas mixtures},
  journal   = {J. Comput. Phys.},
  year      = {2015},
  volume    = {298},
  pages     = {602--621},
  doi       = {10.1016/j.jcp.2015.06.019},
  langid    = {english},
  publisher = {Elsevier},
}

@Article{gmsh2009,
  author    = {Geuzaine, Christophe and Remacle, Jean-Fran{\c{c}}ois},
  title     = {Gmsh: A 3-{D} finite element mesh generator with built-in pre- and post-processing facilities},
  journal   = {Int. J. Numer. Meth. Eng.},
  year      = {2009},
  volume    = {79},
  number    = {11},
  pages     = {1309--1331},
  doi       = {10.1002/nme.2579},
  langid    = {english},
  publisher = {Wiley Online Library},
}

@Article{Welander1954,
  author  = {Welander, P},
  title   = {On the temperature jump in a rarefied gas},
  journal = {Ark. Fys.},
  year    = {1954},
  volume  = {7},
  pages   = {507-553},
  langid  = {english},
}

@Article{Krook1954,
  author    = {Bhatnagar, P L and Gross, E P and Krook, M},
  title     = {A model for collision processes in gases. I. Small amplitude processes in charged and neutral one-component systems},
  journal   = {Phys. Rev.},
  year      = {1954},
  volume    = {94},
  pages     = {511--525},
  doi       = {10.1103/PhysRev.94.511},
  langid    = {english},
  publisher = {American Physical Society},
}

@Article{Dimarco2014,
  author    = {Dimarco, Giacomo and Pareschi, Lorenzo},
  title     = {{Numerical methods for kinetic equations}},
  journal   = {Acta Numer.},
  year      = {2014},
  volume    = {23},
  pages     = {369--520},
  doi       = {10.1017/S0962492914000063},
  langid    = {english},
  publisher = {Cambridge Univ Press},
}

@Article{Mieussens2014,
  author  = {Mieussens, Luc},
  title   = {{A survey of deterministic solvers for rarefied flows}},
  journal = {AIP Conf. Proc.},
  year    = {2014},
  volume  = {1628},
  pages   = {943--951},
  doi     = {10.1063/1.4902695},
  langid  = {english},
}

@Book{Wagner2005,
  title     = {{Stochastic numerics for the Boltzmann equation}},
  publisher = {Springer},
  year      = {2005},
  author    = {Rjasanow, Sergej and Wagner, Wolfgang},
  doi       = {10.1007/3-540-27689-0},
  langid    = {english},
}

@Article{Hadji2013,
  author    = {Radtke, Gregg A and P{\'e}raud, Jean-Philippe M and Hadjiconstantinou, Nicolas G},
  title     = {On efficient simulations of multiscale kinetic transport},
  journal   = {Philos. Trans. A Math. Phys. Eng. Sci.},
  year      = {2013},
  volume    = {371},
  number    = {1982},
  pages     = {20120182},
  doi       = {10.1098/rsta.2012.0182},
  langid    = {english},
  publisher = {The Royal Society},
}

@Article{Takata2016,
  author  = {Shigeru Takata and Masanari Hattori and Tatsuya Hasebe},
  title   = {{Slip/jump coefficients and Knudsen-layer corrections for the ES model in the generalized slip-flow theory}},
  journal = {AIP Conf. Proc.},
  year    = {2016},
  volume  = {1786},
  number  = {1},
  pages   = {040004},
  doi     = {10.1063/1.4967542},
  langid  = {english},
}

@Comment{jabref-meta: databaseType:bibtex;}
