%%%%%%%%%%%%%%%%%%%%%%%%%%%
%%%   Classical works   %%%
%%%%%%%%%%%%%%%%%%%%%%%%%%%

@book{stratton1941electromagnetic,
  title={Electromagnetic theory},
  author={Stratton, Julius Adams},
  year={1941},
  publisher={McGraw-Hill}
}

@book{patankar1980numerical,
  title={Numerical Heat Transfer and Fluid Flow},
  author={Patankar, Suhas},
  year={1980},
  publisher={CRC Press}
}

@book{modest2013radiative,
  title={Radiative heat transfer},
  author={Modest, Michael F},
  year={2013},
  edition={3},
  publisher={Academic press}
}

@book{howell2020thermal,
  title={Thermal radiation heat transfer},
  author={Howell, John R and Meng{\"u}{\c{c}}, M Pinar and Daun, Kyle and Siegel, Robert},
  year={2021},
  edition={7},
  publisher={CRC press}
}

@incollection{kothe1998perspective,
  title={Perspective on Eulerian finite volume methods for incompressible interfacial flows},
  author={Kothe, Douglas B},
  booktitle={Free surface flows},
  pages={267--331},
  year={1998},
  publisher={Springer}
}

%%%%%%%%%%%%%%%%%%%%%%%%%%%%%%%
%%%   Material properties   %%%
%%%%%%%%%%%%%%%%%%%%%%%%%%%%%%%

@article{andrade1930viscosity,
  title={The viscosity of liquids},
  author={Andrade, EN da C},
  journal={Nature},
  volume={125},
  number={3148},
  pages={309--310},
  year={1930},
  doi={10.1038/125309b0},
  publisher={Nature Publishing Group}
}

@book{mills2002recommended,
  title={Recommended values of thermophysical properties for selected commercial alloys},
  author={Mills, Kenneth C},
  year={2002},
  publisher={Woodhead Publishing}
}

@techreport{kim1975thermophysical,
  title={Thermophysical properties of stainless steels},
  author={Kim, Choong S},
  year={1975},
  doi={10.2172/4152287},
  institution={Argonne National Lab., Ill.(USA)}
}

@online{air_properties,
  author = {{Engineers Edge LLC}},
  title = {Thermophysical properties of air},
  url = {https://www.engineersedge.com/physics/viscosity_of_air_dynamic_and_kinematic_14483.htm}
}

@article{kestin1984equilibrium,
  title={Equilibrium and transport properties of the noble gases and their mixtures at low density},
  author={Kestin, J and Knierim, K and Mason, EA and Najafi, B and Ro, ST and Waldman, M},
  journal={Journal of physical and chemical reference data},
  volume={13},
  number={1},
  pages={229--303},
  doi={10.1063/1.555703},
  year={1984},
}

@inproceedings{schmidt2006surface,
  title={Surface tension measurements of industrial alloys},
  author={Schmidt-Hohagen, Frank and Egry, Ivan},
  booktitle={Materials Science Forum},
  volume={508},
  pages={573--578},
  year={2006},
  doi={10.4028/www.scientific.net/MSF.508.573},
  organization={Trans Tech Publ}
}

@article{kobatake2012normal,
  title={Normal spectral emissivity measurement of liquid iron and nickel using electromagnetic levitation in direct current magnetic field},
  author={Kobatake, Hidekazu and Khosroabadi, Hossein and Fukuyama, Hiroyuki},
  journal={Metallurgical and Materials Transactions A},
  volume={43},
  number={7},
  pages={2466--2472},
  year={2012},
  doi={10.1007/s11661-012-1101-0},
  publisher={Springer}
}

@book{palik1998handbook,
  title={Handbook of optical constants of solids},
  author={Palik, Edward D},
  year={1998},
  publisher={Academic press}
}

@book{adachi2012handbook,
  title={Handbook On Optical Constants Of Metals, The: In Tables And Figures},
  author={Adachi, Sadao},
  year={2012},
  publisher={World Scientific}
}

@article{boley2015calculation,
  title={Calculation of laser absorption by metal powders in additive manufacturing},
  author={Boley, CD and Khairallah, Saad A and Rubenchik, Alexander M},
  journal={Applied optics},
  volume={54},
  number={9},
  pages={2477--2482},
  year={2015},
  doi={10.1364/AO.54.002477},
  publisher={Optical Society of America}
}


%%%%%%%%%%%%%%%%%%%%%%%%%%%%%%%%
%%%   Experimental studies   %%%
%%%%%%%%%%%%%%%%%%%%%%%%%%%%%%%%

@book{yadroitsev2009selective,
  title={Selective laser melting: Direct manufacturing of 3D-objects by selective laser melting of metal powders},
  author={Yadroitsev, Igor},
  year={2009},
  publisher={Lambert Academic Publishing}
}

@article{zhirnov2018evaporation,
  title={Evaporation-induced gas-phase flows at selective laser melting},
  author={Zhirnov, I and Kotoban, DV and Gusarov, AV},
  journal={Applied Physics A},
  volume={124},
  number={2},
  pages={157},
  year={2018},
  doi={10.1007/s00339-017-1532-y},
  publisher={Springer}
}

%%%%%%%%%%%%%%%%%%%%%%%%%%%%%%%%%%%%%%%%%%%%%%%%
%%%   Enthalpy method (without convection)   %%%
%%%%%%%%%%%%%%%%%%%%%%%%%%%%%%%%%%%%%%%%%%%%%%%%

@article{kamenomostskaja1961stefan,
  title={On Stefanâ€™s problem},
  author={Kamenomostskaja, S L},
  journal={Mat. Sb.},
  volume={53(95)},
  number={4},
  pages={489--514},
  url={http://mi.mathnet.ru/msb4725},
  year={1961}
}

@article{fedorenko1975difference,
  title={A difference scheme for Stefan's problem},
  author={Fedorenko, Radii Petrovich},
  journal={USSR Computational Mathematics and Mathematical Physics},
  volume={15},
  number={5},
  pages={246--251},
  year={1975},
  doi={10.1016/0041-5553(75)90122-6},
  publisher={Elsevier}
}

@article{atthey1974finite,
  title={A finite difference scheme for melting problems},
  author={Atthey, DR},
  journal={IMA Journal of Applied Mathematics},
  volume={13},
  number={3},
  pages={353--366},
  year={1974},
  doi={10.1093/imamat/13.3.353},
  publisher={Oxford University Press}
}

@article{voller1981accurate,
  title={Accurate solutions of moving boundary problems using the enthalpy method},
  author={Voller, V and Cross, M},
  journal={International journal of heat and mass transfer},
  volume={24},
  number={3},
  pages={545--556},
  year={1981},
  doi={10.1016/0017-9310(81)90062-4},
  publisher={Elsevier}
}

%%%%%%%%%%%%%%%%%%%%%%%%%%%%%%%%%%%%%%%%%
%%%   Continuum multiphase modeling   %%%
%%%%%%%%%%%%%%%%%%%%%%%%%%%%%%%%%%%%%%%%%

@article{hirt1981volume,
  title={Volume of fluid (VOF) method for the dynamics of free boundaries},
  author={Hirt, Cyril W and Nichols, Billy D},
  journal={Journal of computational physics},
  volume={39},
  number={1},
  pages={201--225},
  year={1981},
  doi={10.1016/0021-9991(81)90145-5},
  publisher={Citeseer}
}

@article{brackbill1992continuum,
  title={A continuum method for modeling surface tension},
  author={Brackbill, Jeremiah U and Kothe, Douglas B and Zemach, Charles},
  journal={Journal of computational physics},
  volume={100},
  number={2},
  pages={335--354},
  year={1992},
  doi={10.1016/0021-9991(92)90240-Y},
  publisher={Elsevier}
}

@article{roenby2016computational,
  title={A computational method for sharp interface advection},
  author={Roenby, Johan and Bredmose, Henrik and Jasak, Hrvoje},
  journal={Royal Society open science},
  volume={3},
  number={11},
  pages={160405},
  year={2016},
  doi={10.1098/rsos.160405},
  publisher={The Royal Society}
}

%%%%%%%%%%%%%%%%%%%%%%%%%%%%%%%%
%%%   Mushy layer modeling   %%%
%%%%%%%%%%%%%%%%%%%%%%%%%%%%%%%%

@article{tien1967heat,
  title={A heat-transfer analysis of the solidification of a binary eutectic system},
  author={Tien, RH and Geiger, GE},
  journal={Heat Transfer},
  volume={89},
  number={3},
  pages={230--233},
  doi={10.1115/1.3614365},
  year={1967}
}

@article{kubo1985mathematical,
  title={Mathematical modeling of porosity formation in solidification},
  author={Kubo, Kimio and Pehlke, Robert D},
  journal={Metallurgical Transactions B},
  volume={16},
  number={2},
  pages={359--366},
  year={1985},
  doi={10.1007/BF02679728},
  publisher={Springer}
}

@article{voller1987fixed,
  title={A fixed grid numerical modelling methodology for convection-diffusion mushy region phase-change problems},
  author={Voller, Vaughan R and Prakash, C},
  journal={International Journal of Heat and Mass Transfer},
  volume={30},
  number={8},
  pages={1709--1719},
  year={1987},
  doi={10.1016/0017-9310(87)90317-6},
  publisher={Elsevier}
}

@article{voller1987enthalpy,
  title={An enthalpy method for convection/diffusion phase change},
  author={Voller, Vaughan R and Cross, M and Markatos, NC},
  journal={International journal for numerical methods in engineering},
  volume={24},
  number={1},
  pages={271--284},
  year={1987},
  doi={10.1002/nme.1620240119},
  publisher={Wiley Online Library}
}

@article{le2006interfacial,
  title={Interfacial conditions between a pure fluid and a porous medium: implications for binary alloy solidification},
  author={Le Bars, Michael and Worster, M Grae},
  journal={Journal of Fluid Mechanics},
  volume={550},
  pages={149--173},
  year={2006},
  doi={10.1017/S0022112005007998},
  publisher={Cambridge University Press}
}

%%%%%%%%%%%%%%%%%%%%%%%%%%%%%%%%%%%%%%%%%%%
%%%   Modeling of evaporation effects   %%%
%%%%%%%%%%%%%%%%%%%%%%%%%%%%%%%%%%%%%%%%%%%

@article{anisimov1968evaporation,
  title={Evaporation of metal on absorbing laser radiation},
  author={Anisimov, S I},
  journal={Soviet Physics JETP},
  volume={27},
  number={1},
  pages={182--183},
  year={1968}
}

@article{klassen2014evaporation,
  title={Evaporation model for beam based additive manufacturing using free surface lattice Boltzmann methods},
  author={Klassen, Alexander and Scharowsky, Thorsten and K{\"o}rner, Carolin},
  journal={Journal of Physics D: Applied Physics},
  volume={47},
  number={27},
  pages={275303},
  year={2014},
  doi={10.1088/0022-3727/47/27/275303},
  publisher={IOP Publishing}
}

@article{gusarov2020entrainment,
  title={Entrainment flow of emerging jet in a half-space with the no-slip boundary condition},
  author={Gusarov, AV},
  journal={arXiv preprint arXiv:2001.02406},
  eprint     = {2001.02406},
  eprinttype = {arxiv},
  year={2020}
}

%%%%%%%%%%%%%%%%%%%%%%%%%%%%%
%%%   Shrinkage effects   %%%
%%%%%%%%%%%%%%%%%%%%%%%%%%%%%

@article{wei2017thermal,
  title={Thermal behavior in single track during selective laser melting of AlSi10Mg powder},
  author={Wei, Pei and Wei, Zhengying and Chen, Zhen and He, Yuyang and Du, Jun},
  journal={Applied Physics A},
  volume={123},
  number={9},
  pages={604},
  year={2017},
  doi={10.1007/s00339-017-1194-9},
  publisher={Springer}
}

%%%%%%%%%%%%%%%%%%%%%%%%%%%%%%%%%%%%
%%%   Powder-scale simulations   %%%
%%%%%%%%%%%%%%%%%%%%%%%%%%%%%%%%%%%%

@phdthesis{attar2011simulation,
  title={Simulation of selective electron beam melting processes},
  author={Attar, Elham},
  type={Doctoral thesis},
  location={Erlangen},
  institution={Friedrich-Alexander-Universit{\"a}t Erlangen-N{\"u}rnberg (FAU)},
  year={2011}
}

@article{qiu2015role,
  title={On the role of melt flow into the surface structure and porosity development during selective laser melting},
  author={Qiu, Chunlei and Panwisawas, Chinnapat and Ward, Mark and Basoalto, Hector C and Brooks, Jeffery W and Attallah, Moataz M},
  journal={Acta Materialia},
  volume={96},
  pages={72--79},
  year={2015},
  doi={10.1016/j.actamat.2015.06.004},
  publisher={Elsevier}
}

@article{khairallah2016laser,
  title={Laser powder-bed fusion additive manufacturing: Physics of complex melt flow and formation mechanisms of pores, spatter, and denudation zones},
  author={Khairallah, Saad A and Anderson, Andrew T and Rubenchik, Alexander and King, Wayne E},
  journal={Acta Materialia},
  volume={108},
  pages={36--45},
  year={2016},
  doi={10.1016/j.actamat.2016.02.014},
  publisher={Elsevier}
}

% Ti-6Al-4V
@article{wang2019powder,
  title={Powder-scale multi-physics modeling of multi-layer multi-track selective laser melting with sharp interface capturing method},
  author={Wang, Zekun and Yan, Wentao and Liu, Wing Kam and Liu, Moubin},
  journal={Computational Mechanics},
  volume={63},
  number={4},
  pages={649--661},
  year={2019},
  doi={10.1007/s00466-018-1614-5},
  publisher={Springer}
}

@article{tang2018numerical,
  title={A numerical investigation on the physical mechanisms of single track defects in selective laser melting},
  author={Tang, Chao and Tan, Jie Lun and Wong, Chee How},
  journal={International Journal of Heat and Mass Transfer},
  volume={126},
  pages={957--968},
  year={2018},
  doi={10.1016/j.ijheatmasstransfer.2018.06.073},
  publisher={Elsevier}
}

@article{le2019study,
  title={On the study of keyhole-mode melting in selective laser melting process},
  author={Le, K Q and Tang, C and Wong, C H},
  journal={International Journal of Thermal Sciences},
  volume={145},
  pages={105992},
  year={2019},
  doi={10.1016/j.ijthermalsci.2019.105992},
  publisher={Elsevier}
}

@article{cook2019simulation,
  title={Simulation of Melt Pool Behaviour during Additive Manufacturing: Underlying Physics and Progress},
  author={Cook, Peter S and Murphy, Anthony B},
  journal={Additive Manufacturing},
  pages={100909},
  year={2019},
  doi={10.1016/j.addma.2019.100909},
  publisher={Elsevier}
}

@article{khairallah2020controlling,
  title={Controlling interdependent meso-nanosecond dynamics and defect generation in metal 3D printing},
  author={Khairallah, Saad A and Martin, Aiden A and Lee, Jonathan RI and Guss, Gabe and Calta, Nicholas P and Hammons, Joshua A and Nielsen, Michael H and Chaput, Kevin and Schwalbach, Edwin and Shah, Megna N and others},
  journal={Science},
  volume={368},
  number={6491},
  pages={660--665},
  year={2020},
  doi={10.1126/science.aay7830},
  publisher={American Association for the Advancement of Science}
}

%%%%%%%%%%%%%%%%%%%%%%
%%%   Denudation   %%%
%%%%%%%%%%%%%%%%%%%%%%

@article{matthews2016denudation,
  title={Denudation of metal powder layers in laser powder bed fusion processes},
  author={Matthews, Manyalibo J and Guss, Gabe and Khairallah, Saad A and Rubenchik, Alexander M and Depond, Philip J and King, Wayne E},
  journal={Acta Materialia},
  volume={114},
  pages={33--42},
  year={2016},
  doi={10.1016/j.actamat.2016.05.017},
  publisher={Elsevier}
}

@article{masmoudi2015investigation,
  title={Investigation of the laser--powder--atmosphere interaction zone during the selective laser melting process},
  author={Masmoudi, Amal and Bolot, Rodolphe and Coddet, Christian},
  journal={Journal of Materials Processing Technology},
  volume={225},
  pages={122--132},
  year={2015},
  doi={10.1016/j.jmatprotec.2015.05.008},
  publisher={Elsevier}
}

%%%%%%%%%%%%%%%%%%%%%%%%%%%%
%%%   Keyhole modeling   %%%
%%%%%%%%%%%%%%%%%%%%%%%%%%%%

@article{schulz1987laser,
  title={On laser fusion cutting of metals},
  author={Schulz, W and Simon, G and Urbassek, HM and Decker, I},
  journal={Journal of Physics D: Applied Physics},
  volume={20},
  number={4},
  pages={481},
  year={1987},
  doi={10.1088/0022-3727/20/4/013},
  publisher={IOP Publishing}
}

@article{ducharme1994laser,
  title={The laser welding of thin metal sheets: an integrated keyhole and weld pool model with supporting experiments},
  author={Ducharme, Robert and Williams, Karen and Kapadia, Phiroze and Dowden, J and Steen, B and Glowacki, M},
  journal={Journal of physics D: Applied physics},
  volume={27},
  number={8},
  pages={1619},
  year={1994},
  doi={10.1088/0022-3727/27/8/006},
  publisher={IOP Publishing}
}

@article{cho2006implementation,
  title={Implementation of real-time multiple reflection and Fresnel absorption of laser beam in keyhole},
  author={Cho, Jung-Ho and Na, Suck-Joo},
  journal={Journal of Physics D: Applied Physics},
  volume={39},
  number={24},
  pages={5372},
  year={2006},
  doi={10.1088/0022-3727/39/24/039},
  publisher={IOP Publishing}
}

%%%%%%%%%%%%%%%%%%%%%%%%%%%%%%%%%%%%%%
%%%   in situ X-ray transmission   %%%
%%%%%%%%%%%%%%%%%%%%%%%%%%%%%%%%%%%%%%

@article{martin2019ultrafast,
  title={Ultrafast dynamics of laser-metal interactions in additive manufacturing alloys captured by in situ X-ray imaging},
  author={Martin, Aiden A and Calta, Nicholas P and Hammons, Joshua A and Khairallah, Saad A and Nielsen, Michael H and Shuttlesworth, Richard M and Sinclair, Nicholas and Matthews, Manyalibo J and Jeffries, Jason R and Willey, Trevor M and others},
  journal={Materials Today Advances},
  volume={1},
  pages={100002},
  year={2019},
  doi={10.1016/j.mtadv.2019.01.001},
  publisher={Elsevier}
}

%%%%%%%%%%%%%%%%%%%%%%%%%%%%%%%%%%
%%%   Ray-tracing algorithms   %%%
%%%%%%%%%%%%%%%%%%%%%%%%%%%%%%%%%%

@article{macpherson2009particle,
  title={Particle tracking in unstructured, arbitrary polyhedral meshes for use in CFD and molecular dynamics},
  author={Macpherson, Graham B and Nordin, Niklas and Weller, Henry G},
  journal={Communications in Numerical Methods in Engineering},
  volume={25},
  number={3},
  pages={263--273},
  year={2009},
  doi={10.1002/cnm.1128},
  publisher={Wiley Online Library}
}
